2423 3011
516 197 568 238 R·
605 203 708 253 Εὲῑὶ)
739 200 822 249 ῦῑὲι.

174 302 383 333 renunciatum
411 303 475 334 est,
508 297 615 326 vicisse
642 291 783 322 Boeotios
805 289 904 327 Nep.‚
942 284 1040 327 quoad
1069 285 1167 315 dedita

176 356 239 375 nox
260 349 323 380 est,
362 342 464 370 caedes
487 344 549 368 tota
572 338 645 366 urbe
670 333 778 373 passim
800 332 896 360 sactae
927 331 1000 359 Liv.
1026 327 1086 365 26,
1111 326 1164 356 46.

178 388 264 417 Caes.
283 387 314 414 b.
331 385 400 424 gall.
420 384 449 417 5,
472 391 527 418 17:
551 380 624 408 adde
640 376 723 410 dum,
747 379 777 403 et
793 373 880 403 hebr.
896 379 937 412 *133
960 373 998 409 B,
1024 380 1052 400 1.
1071 379 1102 399 2.
1126 386 1168 391 —

177 430 353 460 Occurrunt
374 425 404 464 b)
430 425 505 452 hanc
522 421 644 460 pluralis
660 417 779 446 numeri
793 416 922 446 formam
937 412 990 443 22⁷1.
1006 410 1168 453 λεγομένην

178 482 262 506 esse,
298 479 390 508 quum
406 467 514 495 usitata
529 465 559 492 in
578 468 614 491 st.
633 466 703 489 cstr.
720 459 819 488 forma
839 459 877 487 sit
897 461 997 500 Πῆέζῆ,
1030 465 1169 484 omnem-

177 524 236 552 que
248 512 369 552 pluralis
385 508 500 538 numeri
514 515 603 535 usum
618 503 650 532 in
667 503 723 531 hae
738 511 815 531 voce
824 500 939 529 insoliti
956 498 1028 537 quid
1043 498 1166 527 habere.

177 557 266 585 Prius
289 555 356 582 leve
384 556 427 580 est
456 554 485 578 et
514 547 604 585 magis
632 545 754 574 insolita
785 548 829 572 est
858 543 923 572 rad.
951 547 1033 582 γη),
1065 544 1171 569 contra

177 597 335 635 vestigium
357 595 470 623 formae
486 598 637 619 aramaeae
659 597 729 616 cum
744 587 818 615 Nun
833 586 946 614 inserto
963 584 1052 612 oss'ert
1066 592 1169 612 nasor.

178 645 274 701 [3829
304 654 324 682 i.
345 663 373 690 q.
393 657 496 689 temp,
522 653 570 689 V?
584 647 652 676 finis
666 658 673 675 :
708 646 745 674 ad
760 645 911 685 posterius
927 640 1172 682 respondendum

177 711 238 741 est,
271 703 406 743 profecto
425 710 486 729 non
503 700 602 728 minus
615 698 693 726 bene
710 696 770 725 dici
783 696 878 735 fines,
903 694 1040 722 terminos
1057 701 1171 730 ponere

176 748 292 782 verbis,
338 753 426 782 quam
449 743 545 782 finem
576 741 744 778 imponere.
803 739 962 766 Praeterea
991 738 1172 773 reputentur

175 791 265 819 haec:
290 786 318 820 c)
335 786 350 824 ξ
371 791 417 826 Vp
435 785 495 816 miz>
511 784 601 812 finem
618 783 774 820 imponere
790 780 848 816 rei,
866 789 929 808 esse
944 777 1130 806 locutionem
1140 776 1172 803 in

175 832 280 861 eodem
296 826 353 858 hoc‘
370 822 502 857 carmine
520 825 686 865 (XXVIII,
705 824 738 862 3)
756 823 895 858 obviam,
920 821 952 859 d)
974 830 1040 848 eam
1052 841 1059 855 ,
1081 828 1172 857 quam

174 873 331 903 Michaelis
360 870 485 910 praeivit
512 868 712 903 seutentiam,
751 876 791 895 ex
813 864 914 894 verbis
937 861 1084 891 Hebraeis
1110 870 1173 889 non

174 921 255 946 recte
285 914 365 943 elici.
419 913 498 941 Nam
529 909 648 950 laqueos
677 919 784 949 ponere
813 906 908 936 verbis
935 910 1017 935 recte
1050 903 1172 942 quidem

175 956 371 997 explicaveris
392 953 530 984 insidiari
551 952 647 981 verbis
670 950 808 987 alterius,
832 949 885 978 sed
902 947 1023 976 nonnisi
1040 945 1173 984 quaesite

175 1006 204 1029 et
226 1001 262 1029 ad
283 999 439 1028 libidinem
464 997 676 1034 interpretatus
708 993 802 1021 fueris
828 991 931 1020 venari
957 988 1046 1018 verba
1075 987 1174 1026 (nach

174 1044 308 1072 Worten
333 1039 440 1079 jagen)
478 1039 500 1068 i.
526 1048 553 1066 e.
583 1036 708 1071 sectari,
746 1034 834 1063 avide
854 1042 1017 1071 quaerere,
1055 1035 1174 1068 captare

174 1086 267 1114 verba
280 1094 374 1122 eaque
388 1081 486 1110 inania
500 1101 508 1116 ,
533 1090 563 1118 q.
583 1080 613 1108 d.
633 1086 693 1118 Πηῆ
712 1083 785 1118 ’ἿΞΓἾ
803 1082 864 1118 ηζῐῆ,
889 1074 951 1110 (cf,
970 1080 1072 1117 tna-37:3³5
1088 1078 1173 1115 qai-272¹

175 1131 268 1159 Prov.
293 1128 390 1162 XIX,
416 1125 451 1164 7)
483 1125 532 1153 vel
559 1132 619 1164 ι-ι-ηῆ
647 1130 713 1166 ῑ-ῐξῑ
743 1118 820 1150 Hos.
845 1120 928 1153 XII,
954 1127 984 1146 2.
1030 1117 1174 1154 Denique

176 1170 206 1211 e)
237 1171 383 1200 sententia
412 1169 467 1197 ista
496 1177 558 1195 non
589 1166 658 1194 satis
686 1163 831 1192 convenit
860 1171 929 1189 cum
960 1159 1172 1197 sequentibus:

175 1214 287 1253 sopite,
331 1211 395 1239 (lein
427 1209 591 1249 loquemur,
629 1207 786 1243 multoque
818 1203 926 1231 melius
955 1212 986 1230 se
1016 1201 1175 1238 excipiunt

175 1256 266 1284 haec:
299 1252 414 1294 quando
438 1250 553 1279 tamlcm
576 1247 712 1279 tacebis?
744 1246 823 1275 disce
845 1256 965 1284 sapere,
997 1241 1062 1271 dein
1085 1241 1175 1270 verba

165 1297 275 1340 facere
291 1307 389 1336 perge.
434 1295 518 1322 Bene
541 1292 664 1321 Abulw.
687 1291 845 1324 observat,
875 1287 933 1315 hoc
949 1284 1175 1314 hemistichium

174 1340 357 1378 respondere
385 1337 488 1366 verbis
513 1335 579 1363 Iobi
593 1334 682 1368 XVI,
702 1333 738 1368 3,
771 1331 812 1359 cf.
840 1330 914 1358 alios
928 1329 1032 1363 locos,
1065 1327 1176 1365 quibus

175 1383 283 1410 Iobum
308 1386 406 1409 tacere
431 1379 536 1406 iubent,
556 1375 723 1405 adversarii
748 1372 838 1409 VIII,
858 1380 889 1400 2.
916 1370 975 1407 XI,
999 1379 1030 1398 2.
1050 1370 1081 1398 3.
1127 1368 1176 1398 Ad

175 1425 303 1453 sormam
325 1421 472 1451 sermonis
502 1419 542 1448 cf.
565 1419 646 1447 Dan.
669 1416 744 1454 XII,
764 1414 795 1444 6.

563 1492 790 1506 *on-›mb—

262 1542 368 1607 UQP
391 1554 449 1582 sut.
470 1553 548 1597 ubl-„¹¹3
575 1533 736 1586 divinavit,
763 1545 926 1577 hariolatus
945 1553 998 1575 est.
1046 1545 1175 1585 (Chald.

178 1636 261 1674 032⁷
303 1638 364 1666 syr.
389 1614 477 1678 >⁰20
499 1624 540 1653 id.
587 1623 659 1651 BH.
689 1620 741 1649 68.
785 1619 882 1658 Ephr.
910 1618 942 1647 11
962 1627 1029 1657 pag.
1054 1617 1116 1646 450
1138 1617 1176 1646 A.

177 1705 285 1734 Nasor.
312 1692 428 1748 12030
455 1697 622 1737 hariolus).
684 1697 734 1725 De
764 1694 859 1724 tribus
892 1693 1051 1723 divinandi
1082 1692 1179 1721 modis

177 1755 256 1794 apud
280 1759 396 1782 veteres
416 1752 541 1780 Semitas
565 1749 624 1787 agit
645 1748 732 1776 Iocus
749 1745 908 1784 singularis
934 1745 989 1773 Ez.
1009 1743 1098 1779 XXI,
1118 1742 1176 1771 26:

178 1805 237 1826 stat
252 1795 435 1834 Babyloniae
452 1804 507 1822 rex
525 1793 554 1821 in
571 1791 657 1825 bivio,
674 1790 789 1818 viarum
805 1786 941 1822 divortio,
961 1793 1024 1829 ῃζὲᾨ
1041 1785 1122 1829 Ε’ῡῃξ
1140 1784 1180 1813 acl

179 1838 384 1873 divinandum,
419 1837 514 1875 agitat
544 1834 686 1872 sagittas,
726 1829 849 1859 consulit
876 1829 1058 1868 Tcraphim,
1100 1829 1179 1856 iecur

178 1881 306 1919 inspicit.
350 1889 410 1916 27:
448 1880 476 1906 in
500 1876 625 1904 dextera
641 1885 696 1902 sua
716 1879 790 1900 tenet
806 1879 913 1901 sortem
933 1872 981 1900 cui
1000 1871 1177 1908 inscriptum

177 1920 386 1962 Hierosolyma
409 1919 549 1962 (zabina-77
567 1924 654 1959 Ξζῑξι
663 1915 684 1954 ).
719 1915 841 1943 Horum
855 1914 970 1952 primus
986 1918 1075 1951 atque
1091 1922 1178 1950 prae-

178 1966 285 2004 cipuus
301 1969 344 1992 est
360 1964 383 1992 is
395 1986 402 1998 ‚
436 1964 485 2001 qui
501 1958 619 1999 sagittis
630 1982 636 1994 ,
663 1959 758 1996 iisque
774 1967 830 1985 nec
843 1956 953 1994 pennis
975 1965 1031 1983 nec
1055 1954 1178 1993 spiculis

179 2007 349 2043 instructis,
380 2006 487 2040 fiebat,
516 1999 700 2041 βελομαντιά
723 1999 923 2028 Graecorum.
969 1998 1178 2035 Hieronymus

178 2051 214 2079 ad
237 2050 267 2078 li.
287 2050 308 2077 1.
333 2049 426 2085 „ritu
449 2047 544 2086 gentis
566 2054 635 2072 suae
659 2041 815 2072 oraculum
839 2040 996 2077 consulet,
1027 2045 1061 2068 ut
1082 2040 1179 2068 mittat

180 2092 297 2130 sagittas
329 2101 396 2119 suas
424 2091 456 2119 in
485 2088 656 2127 pharetram
685 2089 715 2114 et
737 2083 928 2112 commisceat
952 2092 1000 2111 eas
1024 2082 1180 2120 inscriptas

180 2135 243 2163 sive
267 2135 393 2172 signatas
417 2131 593 2161 nominibus
624 2127 833 2166 singulorum,
872 2130 907 2154 ut
931 2125 1053 2160 videat,
1092 2125 1179 2152 cuius

182 2176 285 2214 sagitta
306 2180 392 2204 exeat
417 2181 446 2204 et
472 2183 562 2212 quam
584 2171 667 2209 prius
691 2170 844 2198 civitatem
865 2167 970 2196 debeat
992 2176 1177 2205 oppugnare.

182 2219 268 2246 Hanc
283 2223 382 2246 autem
401 2217 510 2246 Graeci
524 2211 727 2253 βελομαντιάν
751 2211 814 2239 sive
834 2207 1063 2249 ῥαβδομαντίαν
1079 2210 1181 2237 nomi-

184 2262 297 2288 nant.‘⁴
350 2261 425 2288 Prae
454 2259 559 2287 ceteris
585 2255 724 2294 gentibus.
751 2253 809 2282 hoc
835 2251 980 2290 sortilegii
1003 2262 1111 2289 genere
1134 2251 1180 2279 uti

186 2302 319 2330 solebant
349 2302 462 2330 Arabes
499 2300 558 2339 (cf.
594 2299 667 2327 Cor.
692 2297 731 2333 3,
756 2297 809 2334 39.
840 2296 875 2330 5,
900 2293 957 2332 4),
995 2294 1073 2332 apud
1103 2303 1180 2332 quos

186 2343 297 2381 duplex
317 2344 380 2371 eius
403 2344 515 2382 specics
539 2346 600 2371 erat
613 2363 620 2376 ‚
652 2350 712 2368 una
731 2348 807 2377 quae
825 2336 1037 2376 partitionibus
1058 2336 1181 2375 potissi-

187 2395 269 2413 mum
292 2385 421 2414 adhibita
443 2389 488 2413 est
513 2382 639 2430 (5⁸⁶4qu
663 2381 828 2431 μωέὶκως),
851 2379 944 2408 altera
967 2389 1042 2417 quae
1065 2377 1182 2406 ‹livina-

188 2435 261 2463 1ἰοηί
291 2436 468 2464 inserviebat
500 2434 641 2483 (Γΰρὃὶ)
695 2434 734 2461 Et
755 2431 846 2459 huius
869 2430 991 2468 quidem
1014 2428 1065 2457 hic
1088 2428 1183 2457 fuisse

189 2484 366 2524 perhibetur
386 2486 501 2514 modus.
549 2486 680 2522 „Quum
697 2487 774 2511 esset
787 2481 877 2510 alicui
894 2480 943 2510 vel
959 2478 1183 2518 suscipiendum

294 2625 312 2656 ¹)
337 2626 443 2650 Praeter
462 2625 559 2649 Arabes
579 2625 641 2648 idem
662 2625 789 2649 divinandi
809 2624 916 2655 modus,

192 2661 298 2686 Beselw.
319 2661 362 2683 des
386 2660 452 2684 cliiu.
476 2659 580 2683 livii-lies
602 2659 634 2683 lll
657 2659 757 2691 §.100

1143 179 1256 227 1224

1590 191 1673 243 ²²0.ss
1702 207 1760 213 -
1794 189 1880 244 ”Pl-.-

1235 284 1294 313 iter
1314 283 1363 313 vel
1388 282 1524 312 ducenda
1547 293 1628 312 uxor
1644 283 1694 313 vel
1709 283 1791 313 aliud
1808 282 1907 322 magni
1921 281 2067 311 momenti
2082 280 2238 320 negotium
2274 292 2279 293 ⁷

1235 326 1453 366 peragendum,
1477 326 1605 364 sagittas,
1629 336 1702 364 quas
1718 330 1780 355 tres
1796 326 1917 355 vasculo
1929 325 2059 354 inclusas
2072 324 2236 359 habebant,

1237 368 1395 398 consulere
1418 368 1566 413 solebant.
1612 368 1726 397 Earum
1750 368 1863 408 primae
1881 368 2061 406 inscriptum
2085 371 2148 397 erat
2170 365 2237 413 gs!

2010 420 2016 425 '
2027 418 2069 460 Le.)
2090 415 2240 456 prohibuit

1936 444 1961 461 μ.
1999 429 2024 458 ὸ

1237 482 1282 499 me
1303 468 1435 498 dominus
1459 480 1555 505 meus,
1594 470 1686 498 tertia
1706 474 1807 498 autem
1829 471 1896 509 3⁴⁵3*-
1918 442 1999 497 nulla
2021 475 2091 497 nota
2116 467 2239 506 insignis

1238 526 1314 550 erat.
1359 520 1478 548 Harum
1506 529 1599 547 unam
1627 529 1718 548 manu
1746 519 1917 548 extrahenti
1941 519 1967 547 si
1987 522 2164 548 occurreret
2189 517 2241 545 illa

1239 573 1316 602 quae
1332 562 1469 598 iuberet,
1494 562 1583 590 alacri
1599 562 1699 589 animo
1710 583 1718 598 ,
1743 566 1888 600 tanquam
1902 565 2045 590 monente
2059 560 2135 596 deo,
2171 569 2242 598 per-

1240 615 1310 644 gere
1322 625 1331 641 ,
1354 606 1400 633 sin
1416 604 1466 632 illa
1481 614 1556 642 quae
1571 609 1706 640 vetaret,
1729 604 1873 633 desistere
1886 625 1894 640 ,
1918 603 2026 642 quodsi
2042 599 2243 642 ἀγράμματος

1241 648 1311 683 illa,
1348 656 1514 684 reponere,
1551 646 1648 674 donec
1669 646 1804 684 prodiret
1832 656 1909 684 quae
1933 645 1982 675 vel
2005 645 2089 673 iussu
2114 645 2244 683 praeiret

1240 690 1291 719 vel
1312 689 1473 718 interdicto
1500 694 1686 718 occurreret.
1700 689 1722 704 “
1768 688 1908 717 Pococke
1930 698 2013 727 spec.
2035 698 2066 726 p.
2083 687 2163 723 327,
2189 686 2243 724 qui

1240 733 1411 761 universam
1436 731 1527 759 huius
1549 731 1624 760 ritus
1644 731 1794 760 rationem
1815 741 1854 759 ex
1876 730 2013 759 Arabum
2036 729 2244 758 monumentis

1241 774 1386 803 describit
1406 784 1437 812 p.
1462 773 1640 808 323—30‚
1672 773 1714 801 cf.
1743 773 1885 801 Clodium
1905 772 1941 801 de
1958 771 2053 811 magia
2070 772 2244 810 sagittarum

1241 817 1274 845 in
1296 816 1374 845 thes.
1398 816 1492 845 theol.
1516 815 1593 855 phil.
1620 816 1646 850 Ι,
1674 816 1731 853 871
1759 825 1825 853 sqq.
1859 815 1897 844 B.
1915 814 2013 843 Mich.
2036 814 2067 842 in
2087 815 2159 843 Pott
2173 812 2243 852 syll-

1241 863 1406 888 comment.
1426 859 1469 894 II,
1487 868 1517 896 p.
1540 867 1550 885 ι
1562 858 1596 886 13
1619 857 1658 893 Ἴ.
1704 858 1775 886 Non
1790 857 1872 886 aliud
1888 862 1990 886 autem
2005 856 2198 885 divinationis
2214 859 2245 885 et

1242 901 1389 940 sortilegii
1414 910 1508 939 genus
1539 900 1679 938 primitus
1707 900 1844 937 designat
1867 900 1996 929 verbum
2020 905 2096 943 00-72.

1243 944 1310 973 eius
1327 948 1373 972 est
1393 943 1425 971 in
1446 941 1602 971 diuidendo
1626 946 1655 971 et
1669 941 1843 982 partiendo,
1875 946 1909 970 ut
1930 942 2012 971 arab.

1237 428 1277 469 ὦ.)
1300 419 1384 448 iussit
1409 430 1454 446 me
1477 416 1610 446 dominus
1633 430 1729 455 meus,
1764 419 1914 447 secundae
1947 426 1964 450 ζ’

2147 898 2245 936 Origo

2091 945 2105 951 '⁸
2128 940 2243 977 divisit,

1242 994 1372 1034 partitus
1389 998 1443 1022 est.
1489 993 1582 1029 Quod
1598 1002 1692 1030 quum
1716 993 1871 1021 sortiendo
1889 992 2068 1031 plerumque
2083 991 2149 1021 fieri
2165 991 2247 1020 sole-

1241 1042 1289 1066 ret
1313 1035 1373 1074 (cf.
1391 1035 1456 1078 [2⁷3¹]
1467 1057 1474 1070 ‚
1501 1034 1608 1077 boja),
1631 1033 1662 1076 ’ρ
1677 1040 1855 1074 usurpatum
1871 1039 1917 1063 est
1931 1035 1968 1063 de
1985 1034 2138 1073 sortilegio
2154 1034 2245 1072 sagit-

1242 1083 1342 1107 tarum
1359 1079 1390 1106 in
1402 1077 1616 1116 partitionibus
1630 1077 1765 1106 adhibito
1780 1076 1834 1116 (cf.
1852 1077 1934 1105 arab.
1954 1077 2075 1124 &iij-'mi
2091 1075 2245 1114 sortilegio

1242 1139 1325 1167 spec.
1350 1129 1523 1167 sagittarum
1538 1133 1619 1157 usus*
1631 1133 1675 1157 est
1690 1128 1721 1156 in
1739 1126 1934 1167 partiendo),
1964 1127 2036 1156 dein
2050 1126 2086 1156 de
2101 1137 2138 1156 eo
2155 1126 2245 1156 etiam

1243 1171 1398 1208 sortilegio
1411 1192 1419 1206 ,
1458 1171 1540 1208 quod
1579 1170 1734 1199 divinandi
1770 1180 1860 1198 causa
1895 1169 2067 1198 institutum
2097 1173 2161 1205 est,
2201 1167 2243 1197 cf.

1242 1210 1545 1255 ᾗῇΤΦῂΟὉ·
1577 1220 1728 1249 divinavit
1751 1220 1887 1259 sagittis,
1920 1223 1951 1248 et
1970 1218 2058 1248 univ.
2083 1218 2244 1256 divinavit,

1242 1263 1406 1292 hariolatus
1421 1268 1484 1300 est,
1520 1262 1602 1291 Lud.
1621 1270 1694 1291 201.

1330 1323 1455 1351 Praeter
1468 1322 1523 1350 Ez.
1541 1320 1562 1350 l.
1573 1331 1599 1348 e.
1618 1321 1733 1360 ubique
1749 1321 1794 1351 dr.
1806 1322 1842 1350 de
1858 1320 2098 1350 divinationibus
2114 1319 2248 1358 pseudo-

1244 1363 1461 1403 prophetarum
1485 1367 1515 1392 et
1535 1362 1722 1392 hariolorum
1746 1364 1842 1392 Deut.
1863 1364 1986 1400 XVIII,
2007 1372 2056 1391 10.
2078 1363 2127 1391 14.
2148 1361 2246 1390 Mich.

1246 1407 1307 1443 III,
1327 1405 1357 1434 6.
1379 1415 1409 1443 7.
1433 1415 1482 1442 11,
1507 1415 1613 1434 eorum
1630 1407 1682 1444 qui
1697 1416 1797 1435 manes
1811 1411 1941 1435 evocant
1960 1415 1972 1434 1
1992 1406 2073 1434 Sam.
2090 1404 2246 1441 XXVIII,

1247 1449 1265 1476 8
1278 1470 1286 1485 ,
1310 1453 1474 1486 vatumque
1491 1448 1719 1486 peregrinorum
1735 1449 1799 1477 Jos.
1818 1449 1911 1483 XIII,
1930 1457 1982 1477 22.
2010 1457 2022 1476 1
2042 1449 2122 1476 Sam.
2137 1447 2195 1481 VI,
2216 1455 2247 1475 2.

1247 1491 1371 1520 constr.
1391 1501 1436 1529 sq.
1453 1501 1517 1519 ace.
1536 1491 1580 1519 rei
1594 1497 1657 1533 ²⁸2ss
1671 1497 1737 1534 :0:392
1762 1499 1780 1518 2
1796 1492 1872 1529 Reg.
1891 1491 1997 1527 XVII,
2019 1499 2067 1528 17.
2086 1491 2139 1519 Ez.
2154 1489 2248 1525 XIII,

1246 1534 1300 1563 23.
1324 1534 1415 1569 XXI,
1432 1532 1470 1561 26
1484 1554 1492 1568 ‚
1527 1539 1586 1576 :1323
1604 1538 1667 1577 120-ss
1693 1534 1734 1562 ib.
1754 1533 1847 1569 XIII,
1866 1543 1896 1572 9.
1922 1533 2014 1569 XXI,
2036 1532 2097 1569 28,
2122 1542 2168 1570 sq.
2185 1532 2246 1560 dat.

1246 1586 1327 1615 pers.
1356 1585 1368 1604 1
1389 1576 1469 1604 Sam.
1487 1576 1641 1613 XXVIII,
1663 1577 1701 1612 8,
1734 1585 1780 1613 sq.
1804 1585 1867 1604 acc.
1888 1576 1934 1604 rei
1954 1581 1984 1604 et
2005 1575 2066 1604 dat.
2088 1585 2166 1613 pers.
2191 1575 2246 1603 Ez-

1247 1618 1338 1654 XXI,
1355 1618 1406 1647 34.
1422 1618 1529 1653 XXII,
1546 1619 1598 1647 28.
1644 1619 1727 1647 Part.
1746 1620 1810 1660 uqi-p
1827 1616 1991 1653 divinator,
2015 1615 2147 1646 hariolus
2163 1616 2250 1654 isque

1247 1661 1370 1700 proprie
1387 1659 1543 1699 sortilegus
1574 1670 1585 1689 1
1606 1662 1684 1689 Sam.
1703 1661 1760 1697 VI,
1780 1669 1811 1688 2.
1843 1660 1904 1688 Jes.
1922 1660 1982 1695 III,
2000 1668 2032 1688 2.
2058 1659 2177 1694 XLIV,
2194 1658 2247 1687 25.

1247 1705 1309 1732 Jer.
1337 1703 1475 1738 XXVII,
1502 1713 1533 1741 9.
1565 1703 1688 1738 XXIX,
1715 1703 1745 1730 8.
1781 1702 1876 1731 Zach.
1901 1702 1944 1739 X,
1966 1710 1996 1730 2.
2040 1701 2133 1730 LXX
2153 1710 2249 1740 paene

1247 1746 1362 1785 ubique
1380 1742 1506 1783 μάντις,
1529 1744 1681 1783 μαντεύω.

1336 1803 1420 1852 UD?
1441 1820 1483 1839 m.
1512 1808 1541 1848 ι)
1565 1822 1629 1838 sors
1653 1810 1708 1839 Ez.
1726 1810 1817 1845 XXI,
1835 1818 1894 1846 27,
1918 1819 1950 1840 v.
1967 1809 2004 1838 ad
2019 1808 2084 1838 rad.
2132 1807 2162 1847 2)
2185 1819 2252 1836 sor-

1247 1848 1495 1892 tilegium',’inde
1519 1852 1679 1889 divinatio,
1704 1851 1856 1881 oraculum
1879 1852 1970 1890 idque
1989 1857 2090 1881 tamen
2104 1851 2252 1889 supersti—

1246 1897 1362 1925 tiosum
1385 1896 1480 1923 Num.
1498 1895 1622 1929 XXIII,
1642 1895 1693 1922 23.
1723 1904 1733 1923 ι
1752 1895 1832 1922 Sam.
1848 1895 1920 1931 XV,
1939 1895 1992 1923 23.
2009 1895 2072 1923 Jer.
2089 1894 2179 1927 XIV,
2199 1893 2249 1921 14.

1247 1940 1303 1968 Ez.
1327 1937 1420 1973 XIII,
1443 1936 1473 1966 6.
1496 1937 1556 1972 23,
1597 1937 1639 1975 pl.
1666 1938 1762 1965 Deut.
1786 1937 1909 1971 XVIII,
1937 1945 1986 1966 10.
2014 1946 2031 1965 2
2047 1937 2123 1975 Reg.
2142 1935 2248 1970 XVII,

1250 1990 1300 2016 17.
1352 1981 1472 2009 Meton.
1505 1979 1660 2008 divinandi
1683 1979 1850 2018 praemium
1880 1979 1976 2009 Num.
1999 1979 2113 2015 XXII,
2137 1988 2153 2015 7
2188 1977 2249 2015 (cf.

1247 2024 1334 2067 :52:⁹2
1344 2025 1364 2057 ).
1395 2039 1435 2044 —
1478 2021 1510 2060 3)
1535 2022 1634 2050 Semel
1655 2022 1686 2050 in
1708 2022 1818 2050 bonam
1838 2027 1955 2059 partem
1980 2019 2131 2050 oraculum
2154 2021 2248 2049 Prov.

1247 2063 1344 2110 XVI,
1372 2081 1422 2100 ιο.

1336 2129 1448 2182 ΕὲΕὮ
1471 2148 1513 2166 m.
1545 2136 1699 2167 divinatio.
1747 2136 1829 2166 Cstr.
1854 2142 1913 2181 Ξῑξ
1940 2139 2029 2183 Πῠ-Εη
2068 2136 2123 2166 ΕΖ.
2148 2137 2248 2173 XIII,

1250 2201 1288 2229 7,
1320 2189 1384 2234 pgr}
1405 2187 1437 2218 '72
1469 2188 1544 2225 XII,
1570 2188 1622 2217 24.

1638 2253 1861 2267 4....»-

1335 2291 1442 2358 UD?
1466 2304 1497 2332 in
1513 2303 1572 2332 Kal
1590 2304 1696 2333 inusit.
1715 2304 1736 2332 i.
1756 2314 1786 2342 q.
1810 2308 1881 2348 γξῃ
1901 2304 2048 2341 abscidit,
2072 2305 2249 2344 amputavit.

1334 2368 1389 2398 Po.
1409 2370 1486 2408 05:3³¹?
1503 2367 1630 2396 abscidit
1655 2365 1815 2405 (fructus)
1841 2368 1895 2397 Ez.
1912 2367 2018 2406 XVII,
2035 2377 2066 2407 9.

1339 2425 1425 2478 RQ?
1446 2433 1564 2472 phiala,
1589 2443 1620 2463 v.
1644 2433 1708 2461 rad.
1735 2432 1819 2477 niul-4.

1649 2499 1852 2512 “vn-*⁴4——>

956 2625 996 2648 Ta
1016 2631 1082 2653 cua,
1109 2623 1146 2646 Pa
1165 2629 1213 2645 cua
1233 2620 1334 2650 dictus,
1368 2618 1420 2642 late
1440 2619 1530 2648 regnat
1549 2615 1615 2648 apud
1636 2616 1757 2642 Sinenscs
1777 2617 1891 2649 aliosque
1911 2617 2038 2648 Tmaros,
2076 2623 2100 2641 ν.
2121 2615 2153 2640 du
2173 2615 2254 2640 IInldc
