2423 3011
267 257 485 305 gravissimo
519 260 728 303 correptum
763 254 948 299 triumque
984 252 1255 289 carissimorum
1287 251 1452 299 capitum
1485 269 1534 278 -
1567 250 1608 286 in
1641 249 1692 287 his
1725 248 1888 290 Eduardi
1915 256 2008 299 mei,
2051 257 2216 303 egregiae
2243 259 2323 303 spei

265 333 372 382 pueri
400 352 450 359 -
484 332 615 367 funera
649 330 755 366 vidit.
810 327 912 371 Quae
947 328 1022 364 iam
1051 327 1201 364 tandem
1233 333 1290 362 tot
1316 326 1594 374 impedimentis
1620 325 1770 364 feliciter
1799 331 1980 375 superatis
2013 332 2196 368 emittitur
2220 342 2324 368 nova

266 410 388 456 operis
414 408 531 443 nostri
558 405 756 455 particula,
791 404 934 439 utinam
958 403 1053 440 hanc
1078 404 1188 439 totius
1212 402 1296 438 libri
1317 408 1466 439 strenue
1485 388 1722 439 continuandi
1736 403 1870 450 pignus
1892 412 1926 441 et
1947 413 2125 454 tanquam
2146 414 2325 444 tesseram

265 484 447 520 benevole
467 483 657 530 excipiant
673 481 880 516 litterarum
898 479 1132 516 orientalium
1152 479 1308 515 cultores
1315 490 1324 522 ς
1348 478 1531 515 tarditatis
1547 483 1668 516 autem
1685 479 1983 527 exprobratores,
2008 483 2038 518 si
2056 484 2117 532 qui
2135 483 2230 519 forte
2247 492 2325 518 non

268 560 431 596 contenti
450 559 588 595 fuerint
604 557 847 592 excusatione
863 561 1008 599 nostra,
1034 555 1239 602 respiciant,
1263 565 1419 602 quaeso,
1441 555 1552 602 ipsius
1571 553 1693 602 operis
1713 554 1919 600 rationem,
1946 556 1987 592 in
2011 567 2081 603 quo
2107 554 2326 592 adornando

266 636 306 672 id
330 636 403 682 egi,
433 642 474 669 ut
497 634 558 681 qui
582 633 838 668 festinantiam
864 632 903 667 in
927 642 972 666 eo
997 627 1246 666 continuando
1268 628 1577 674 desideraverint,
1609 628 1841 676 diligentiam
1865 637 1963 667 certe
1992 638 2030 667 et
2053 632 2326 668 accurationem

264 722 343 747 non
374 709 594 745 desiderent.
646 708 704 743 De
739 707 891 744 consilio
926 713 964 741 et
994 706 1137 742 ratione
1170 704 1250 741 libri
1276 705 1315 741 in
1340 705 1613 752 prolegomenis
1640 705 1815 741 fasciculo
1844 706 1972 753 quinto
1999 705 2152 742 edendis
2177 706 2328 741 uberius

264 785 506 834 disputaturi,
545 794 645 820 nunc
679 782 725 819 de
756 783 909 819 alterius
940 781 1141 818 voluminis
1173 781 1314 817 ratione
1348 781 1473 829 paucis
1505 779 1628 816 dicere
1655 781 1746 815 satis
1770 781 1963 818 habemus.
2017 780 2211 817 Constabit
2236 780 2325 815 illuc³

263 847 381 898 tribus
414 859 616 904 fasciculis,
654 869 812 906 quorum
848 857 924 894 duo
955 859 1097 905 priores
1129 855 1284 904 reliquas
1317 854 1507 904 alphabeti
1541 853 1686 890 litteras
1715 854 1979 897 continebunt,
2019 854 2152 891 tertius
2183 857 2317 903 pr‘arffll'

262 937 532 983 Prolegomena
553 933 843 982 comprehendet
872 934 909 980 1)
935 933 1189 983 Appendz'cem
1214 942 1242 967 s.
1259 931 1545 979 Paralipomena
1569 928 1618 966 ad
1643 930 1806 977 primum
1833 929 2003 966 maxime
2029 931 2150 978 operis
2174 923 2317 966 sancim-

264 1014 362 1057 lum;
403 1013 443 1058 2)
472 1011 642 1047 Iudicem
668 1008 979 1059 quadruplicem,
1014 1010 1053 1056 a)
1075 1007 1353 1055 grammaticum
1377 1013 1416 1042 et
1441 1005 1690 1052 analyticum,
1723 1005 1762 1052 b)
1791 1005 1970 1048 latinum,
2005 1005 2040 1052 c)
2067 1000 2317 1041 subsiriormn,

265 1095 348 1125 tum
386 1086 723 1135 manuscriptorum
767 1092 848 1122 tum
890 1085 1176 1133 impressorum,
1225 1081 1266 1129 d)
1294 1082 1461 1118 locorum
1497 1080 1534 1118 S.
1569 1081 1626 1125 S„
1670 1080 1733 1128 qui
1772 1080 1923 1117 uberius
1961 1081 2025 1117 vel
2052 1091 2143 1118 nov²
2171 1074 2319 1111 ratione

265 1164 506 1200 illustrantur.
561 1161 697 1197 Omnia
722 1167 849 1197 autem
875 1162 916 1196 in
942 1159 1084 1196 scriniis
1109 1158 1201 1195 meis
1225 1157 1281 1194 ita
1303 1163 1435 1206 parata
1459 1162 1631 1201 exstant,
1670 1161 1713 1193 ut
1737 1156 1863 1194 nullus
1888 1155 2078 1202 dubitem,
2107 1150 2196 1198 quin
2221 1150 2320 1192 intra

266 1240 407 1276 biennii
432 1238 596 1286 spatium
618 1236 712 1272 liber
735 1235 856 1272 emitti
881 1234 1008 1283 possit.

390 1312 544 1349 Utinam
585 1311 892 1358 benignissimum
930 1317 1093 1351 numen,
1134 1306 1233 1353 quod
1270 1314 1354 1356 post
1392 1314 1448 1344 tot
1485 1307 1738 1344 acerbissimas
1775 1307 2002 1343 calamitates
2033 1308 2072 1336 et
2111 1300 2322 1336 tristissima

268 1392 401 1427 funera
428 1385 683 1425 valetudinem
717 1385 878 1422 restituit
909 1385 1107 1430 integram,
1146 1383 1246 1419 vires
1279 1383 1456 1430 largiatur
1495 1382 1543 1419 ad
1575 1393 1670 1430 opus
1706 1382 1862 1419 feliciter
1895 1376 2175 1431 pezficiendum,
2212 1374 2323 1422 idque

269 1466 357 1502 olim
385 1465 590 1514 perfectum
614 1464 654 1498 in
680 1472 867 1499 sacrarum
894 1461 1095 1497 litterarum
1121 1464 1159 1493 et
1186 1459 1361 1497 ecclesiae
1389 1459 1608 1497 christianae
1636 1458 1877 1496 commodum
1899 1453 2028 1491 cedere
2055 1452 2199 1489 iubeat!

394 1581 540 1619 Dabam
566 1579 704 1627 Halae,
749 1578 825 1617 Cal.
853 1579 949 1627 Sept,
977 1583 1224 1614 Mocccxxxv.
