2423 3011
742 961 1131 1005 Aemilius
1169 960 1577 1012 Roeeliger

926 1090 1135 1126 lecturis
1171 1089 1385 1126 salutem.

115 1275 313 1338 Tandem
352 1307 441 1348 post
479 1306 628 1347 tempus
664 1311 786 1347 paene
822 1300 981 1335 nimium
1021 1301 1260 1337 interiectum
1300 1297 1481 1334 Thesauri
1521 1296 1723 1332 Geseniani
1768 1302 1891 1333 tomus
1930 1297 2062 1332 tertius
2101 1296 2202 1331 foras

113 1385 298 1422 emittitur
315 1385 480 1421 auctoris
497 1384 602 1420 obitu
620 1385 850 1432 interceptus
874 1396 1032 1432 meaque
1055 1385 1305 1433 qualicunque
1326 1393 1443 1431 opera
1463 1380 1660 1429 perfectus.
1699 1380 1824 1428 Atque
1847 1380 2028 1415 Gesenius
2051 1379 2200 1426 quidem

112 1472 192 1518 ipsc
231 1482 326 1518 opus
365 1482 474 1507 suum
511 1469 558 1505 ad
593 1469 753 1505 verbum
787 1468 880 1530 7222}
912 1481 1029 1518 usque
1061 1470 1160 1518 (pag.
1192 1470 1301 1514 1358)
1327 1471 1545 1516 persecutus
1572 1472 1671 1509 erat,
1697 1476 1812 1513 quum
1832 1466 1946 1501 morti
1967 1465 2202 1513 propinquus

113 1554 199 1589 libri
237 1554 285 1589 ad
324 1555 436 1591 finem
479 1553 710 1602 perducendi
754 1565 880 1590 curam
914 1554 1007 1590 mihi
1047 1554 1306 1591 demandaret.
1377 1552 1456 1599 Ego
1492 1551 1578 1587 licet
1616 1550 1761 1586 viribus
1796 1550 1891 1587 meis
1930 1549 2201 1597 aliquantulum

113 1637 321 1675 diffiderem
364 1645 533 1686 essetque
574 1638 667 1675 mihi
708 1639 849 1687 coeptis
891 1639 972 1675 aliis
1011 1640 1276 1688 promissisque
1315 1635 1645 1680 satisfaciendum,
1682 1635 1786 1671 nolui
1824 1640 1952 1671 tamen
1990 1635 2069 1671 eius
2112 1634 2200 1677 viri,

111 1725 173 1770 qui
208 1730 337 1760 auctor
369 1735 518 1772 semper
555 1725 754 1772 fautorque
795 1724 1005 1761 studiorum
1043 1736 1214 1760 meorum
1251 1722 1391 1766 fuerat,
1433 1721 1622 1757 voluntati
1654 1731 1876 1768 quocunque
1910 1719 2023 1755 modo
2058 1718 2198 1755 deesse.

110 1807 240 1855 Itaque
267 1808 452 1852 laborem,
487 1810 549 1856 qui
582 1821 650 1845 nec
684 1810 856 1856 opinanti
883 1810 976 1846 mihi
1002 1789 1203 1853 inciderat,
1240 1809 1340 1844 bono
1368 1807 1494 1842 animo
1522 1807 1679 1854 suscepi.
1734 1804 1808 1841 Sed
1835 1815 1948 1852 quum
1976 1815 2053 1839 non
2078 1803 2199 1839 multo

110 1897 195 1938 post
218 1892 500 1937 grammaticam
528 1893 643 1926 etiam
673 1892 925 1929 Gesenianam
950 1876 1074 1928 denuo
1100 1891 1236 1928 edendi
1260 1902 1347 1927 cura
1372 1890 1420 1926 ad
1455 1901 1517 1925 me
1551 1890 1788 1925 conferretur
1820 1899 1937 1934 eaque
1969 1887 2084 1922 editio
2119 1886 2199 1922 fere

110 1975 219 2010 tertio
244 1986 390 2022 quoque
418 1986 518 2011 anno
543 1975 747 2023 repetenda
772 1982 879 2019 esset,
908 1982 945 2012 et
969 1982 1117 2024 praeter
1140 1975 1207 2011 has
1230 1975 1394 2022 aliasque
1421 1973 1685 2021 occupationes
1709 1972 1832 2008 morbi
1858 1982 2036 2019 casusque
2059 1971 2196 2007 funesti

109 2059 403 2103 intercederent,
432 2059 573 2096 factum
602 2067 678 2104 est,
717 2066 760 2095 ut
786 2059 965 2096 Thesauri
993 2060 1106 2096 editio
1135 2060 1182 2096 ad
1209 2059 1309 2095 hunc
1336 2059 1434 2095 diem
1461 2058 1805 2106 procrastinaretur.
1827 2057 1862 2102 ⁶)

281 2143 384 2179 Inter
411 2155 472 2187 ea,
509 2156 604 2192 quae
631 2145 666 2181 b.
696 2145 877 2181 Gesenius
905 2156 972 2181 sua
996 2156 1112 2181 manu
1146 2145 1285 2193 scripta
1316 2144 1485 2191 reliquit,
1520 2143 1745 2191 paucissima
1779 2146 1927 2176 tantum
1960 2140 2108 2188 repperi
2141 2140 2196 2175 ita

97 2233 286 2276 exarata,
321 2239 415 2276 quae
444 2228 548 2276 prelo
576 2229 706 2265 subiici
733 2230 943 2278 potuerint;
982 2242 1026 2266 ea
1059 2230 1225 2277 religiose
1252 2241 1275 2266 a
1301 2230 1395 2265 meis
1421 2229 1558 2276 ubique
1586 2226 1743 2263 distinxi
1778 2227 1837 2273 (v.
1866 2223 1943 2269 ’fimi
1975 2236 2057 2273 pag.
2087 2227 2194 2269 1383,

110 2308 276 2374 Βέὲξζιῑξῇ
303 2323 340 2360 p.
374 2315 488 2358 1441,
517 2311 641 2372 252ng
666 2325 703 2361 p.
733 2317 827 2351 1471
854 2326 928 2363 sq.,
957 2325 1053 2373 pm}
1078 2326 1114 2362 p.
1148 2317 1242 2350 1512
1269 2309 1351 2361 sq).
1406 2312 1562 2359 Reliqua
1587 2317 1736 2359 meopte
1763 2309 1930 2358 periculo
1954 2319 2125 2356 meoque,
2152 2315 2194 2343 ut

111 2395 257 2439 dicitur,
291 2396 423 2441 Marte,
451 2404 488 2433 et
512 2399 564 2434 ita
592 2397 741 2444 quidem
767 2400 906 2447 peregi,
932 2405 974 2434 ut
1001 2398 1131 2434 iisdem
1161 2399 1240 2434 fere
1263 2397 1497 2434 adminiculis
1515 2401 1650 2440 uterer,
1675 2407 1770 2443 quae
1799 2393 1958 2430 Gesenio
1984 2393 2032 2429 ad
2059 2401 2192 2429 manus

278 2557 305 2595 ²¹)
326 2559 446 2594 ludices,
471 2570 539 2597 quos
562 2560 710 2598 bibliopola
733 2561 915 2590 conficiendos
939 2567 1054 2595 curam,
1082 2561 1236 2598 propediem
1263 2570 1287 2588 ιιι
1310 2561 1395 2587 lucem
1421 2558 1571 2593 dabuntur,
1606 2558 1691 2594 iisque
1716 2557 1897 2584 Addit-uncum
1929 2562 1954 2583 et
1987 2556 2190 2583 limena-itiones

105 2617 295 2653 adiungentur.
