2423 3011
195 161 235 189 vl

197 255 363 296 fuerant,
398 249 535 287 additis
564 248 673 284 novis
698 257 776 282 non
806 245 935 293 paucis
959 243 1078 291 iisque
1107 253 1281 290 magnam
1309 250 1457 291 partem
1482 228 1830 290 praestantissimis,
1867 254 1962 291 quae
1987 254 2088 280 nunc
2115 243 2277 292 denique

196 338 390 374 doctorum
416 334 610 370 hominum
636 331 757 368 studio
782 336 819 365 et
845 329 970 364 labore
995 327 1183 375 patefacta
1208 333 1305 363 sunt.
1360 326 1536 362 Ceterum
1562 327 1602 362 in
1626 338 1670 362 ea
1703 327 1826 374 operis
1858 334 1984 375 parte,
2025 329 2128 363 cuius
2165 329 2276 364 confi-

198 421 350 459 ciendae
378 431 504 456 curam
532 426 778 464 susceperam,
806 413 909 458 mihi,
937 418 1120 461 quantum
1142 412 1223 447 fieri
1246 417 1383 459 posset,
1411 410 1459 446 ad
1486 410 1574 446 eum
1601 409 1771 446 ordinem
1796 422 1931 458 easque
1958 412 2123 448 rationes
2151 414 2280 448 omnia

197 505 372 554 fingenda
398 510 436 540 et
462 497 778 539 accommodanda
800 503 919 542 erant,
946 508 1037 545 quas
1064 502 1195 532 auctor
1220 496 1305 531 libri
1331 496 1371 530 in
1396 495 1567 542 partibus
1594 495 1779 543 prioribus
1805 502 1902 531 esset
1929 502 2093 540 secutus3
2122 507 2279 543 eamque

197 592 300 627 viam
326 590 493 625 maxime
514 587 553 620 in
581 584 690 620 rebus
716 583 882 618 externis
909 581 1184 628 levioribusque
1210 581 1397 627 ingressus
1424 591 1519 624 sum,
1548 581 1587 614 in
1613 581 1757 624 ceteris,
1781 580 2014 626 gravioribus
2040 581 2277 627 potissimum

197 674 555 718 difficilioribusque,
591 680 716 704 meam
743 667 968 704 sententiam
997 665 1143 701 obtinui
1171 665 1474 712 argumentisque
1510 665 1739 700 confirmavi.
1803 663 2004 712 Praecipue
2024 639 2164 700 Vautem
2197 677 2279 701 ver-

198 761 328 796 borum
352 766 462 792 usum
487 754 642 790 sollicite
667 751 895 799 investigavi
922 756 978 794 et,
1013 761 1126 798 quam
1148 749 1364 797 planissime
1390 749 1516 796 potui,
1554 748 1763 795 explicavi,
1798 748 2040 784 finitimarum
2070 749 2278 795 linguarum

197 841 498 879 convenientiam
524 838 746 881 monstravi,
774 837 873 872 locos
900 835 1042 876 Veteris
1065 833 1297 869 Testamenti
1319 832 1500 880 plurimos
1527 833 1698 881 exposui,
1725 831 1772 867 de
1801 832 2070 868 difficilioribus
2094 843 2172 868 non
2193 845 2279 870 raro

197 928 380 976 copiosius
403 923 595 974 disputavi
612 923 809 970 variasque
828 919 1023 956 doctorum
1046 917 1243 953 hominum
1267 917 1473 954 sententias
1498 918 1686 965 proposui,
1712 916 1872 964 denique
1889 916 1929 951 id
1946 917 2119 952 omnibus
2136 917 2280 953 viribus

198 1010 376 1048 contendi
399 1016 436 1045 et
461 1009 671 1052 elaboravi,
699 1013 741 1043 ut
768 1005 838 1041 hac
870 1004 993 1052 opella
1016 1014 1102 1039 mea
1125 1002 1336 1050 scripturae
1364 1001 1499 1037 Sacrae
1528 1001 1829 1049 interpretationi
1852 1001 2073 1049 linguaeque
2096 1001 2279 1037 hebraeae

197 1093 477 1145 investigationi
501 1091 671 1130 nonnihil
698 1089 907 1130 adiumenti
933 1088 1134 1126 afferretur.
1192 1084 1235 1123 Id
1264 1086 1365 1134 quod
1391 1086 1490 1123 faxit
1516 1086 1620 1122 Deus
1648 1085 1821 1134 Optimus
1847 1086 2055 1122 Maximus!

809 1249 960 1285 Dabam
987 1247 1095 1284 Halis
1123 1245 1339 1289 Saxonum,
1367 1245 1449 1281 Kal.
1477 1245 1654 1282 Februar.
1680 1242 1951 1280 MDCCCLIII.
