2423 3011
641 958 1154 1018 Praefatio
1234 960 1705 1019 Editoris.

130 1281 259 1337 Prodit
283 1315 366 1335 nunc
390 1302 532 1346 denique
556 1303 732 1335 fasciculus
755 1302 914 1335 Thesauri
938 1302 1108 1334 Geseniani
1131 1303 1337 1344 novissimus,
1363 1314 1427 1347 qno
1451 1305 1546 1337 huius
1570 1305 1647 1337 libri
1671 1312 1777 1337 ternus
1802 1306 1921 1338 tertius
1945 1306 2108 1340 adiunctis
2132 1309 2217 1341 indi-

132 1363 237 1403 cibus,
262 1361 497 1394 additamentis
519 1366 553 1394 et
576 1361 861 1394 emendationibus
884 1362 1069 1405 suppletur.
1113 1364 1162 1394 Ac
1180 1363 1305 1404 primus
1323 1362 1454 1405 quidem
1473 1363 1584 1404 index,
1610 1365 1665 1407 qui
1682 1365 1915 1405 grammaticus
1935 1370 1996 1406 est,
2022 1378 2061 1398 ex
2080 1369 2217 1400 Gesnxn

131 1421 188 1454 ille
210 1421 316 1453 lexico
346 1424 494 1461 sumtus,
526 1433 544 1453 a
569 1432 620 1453 me
643 1420 832 1462 recognitus
856 1424 889 1451 et
913 1420 1146 1462 aliquantulum
1173 1427 1287 1452 auctus
1312 1425 1374 1453 est.
1419 1421 1563 1453 Iudicem
1594 1423 1730 1454 latinum
1760 1428 1793 1455 et
1824 1435 1897 1455 eum
1928 1425 1984 1467 qui
2007 1425 2094 1457 locos
2120 1427 2154 1457 S.
2182 1428 2216 1459 S.

131 1483 314 1520 enumerat,
338 1478 531 1511 conficiendi
555 1491 666 1511 curam
690 1479 724 1511 h.
745 1480 911 1511 Gssssxms
935 1477 1189 1511 demandaverat
1213 1481 1373 1511 GcSTAvo
1395 1483 1634 1522 Bacecxsnno,
1659 1481 1729 1513 viro
1754 1481 1862 1523 docto,
1888 1483 1942 1526 qui
1966 1488 2034 1515 tum
2058 1486 2216 1528 temporis

132 1537 172 1570 ad
196 1538 307 1571 studia
329 1538 513 1580 theologica
535 1538 766 1578 incumbebat,
798 1549 882 1570 nunc
913 1536 1000 1580 apud
1020 1538 1295 1580 Perlebergenses
1319 1550 1453 1572 numere
1483 1551 1576 1572 sacro
1601 1541 1769 1581 fungitur,
1800 1542 1893 1585 isque
1916 1544 2143 1587 praeceptoris
2166 1545 2216 1576 sni

133 1597 286 1630 mandata
308 1598 463 1640 religiose
483 1601 678 1641 persecutus
701 1598 836 1629 multum
860 1597 983 1628 laboris
1006 1607 1231 1640 Summamque
1255 1597 1458 1641 diligentiam
1483 1600 1515 1631 in
1539 1599 1598 1631 hoe
1622 1610 1722 1642 opere
1753 1602 1944 1633 consumsit.

264 1697 268 1700 v
301 1660 369 1689 Iam
388 1656 611 1689 consideranti
627 1657 706 1688 mihi
723 1656 842 1700 quibus
858 1656 957 1688 rebus
966 1656 1149 1688 Thesaurus
1164 1656 1346 1698 augendus,
1363 1657 1482 1700 quibus
1499 1658 1531 1689 in
1546 1658 1698 1701 partibus
1717 1658 1939 1691 emendandus
1955 1665 2055 1702 esset,
2070 1673 2132 1694 non
2149 1667 2214 1695 tam

129 1717 277 1761 proclive
291 1712 439 1749 iudicatu
455 1717 532 1757 fuit,
556 1715 719 1759 quodnam
737 1719 825 1748 esset
841 1715 873 1747 in
896 1715 956 1747 hac
977 1727 1010 1748 re
1036 1718 1149 1759 aptum
1173 1719 1272 1758 atque
1296 1716 1502 1757 conveniens,
1526 1716 1655 1760 quodve
1680 1729 1698 1748 a
1721 1722 1811 1750 recta
1835 1719 1961 1751 ratione
1981 1720 2135 1761 alienum,
2159 1723 2214 1764 qni

132 1775 249 1808 modus
263 1776 314 1807 rei
336 1774 543 1818 sequenduS,
567 1775 624 1817 qui
646 1775 728 1807 fines
743 1773 1009 1817 praescribendi,
1033 1785 1114 1818 quos
1132 1775 1219 1806 ultra
1237 1774 1350 1817 egredi
1368 1787 1430 1807 non
1451 1780 1631 1819 oporteret.
1681 1779 1726 1809 Ae
1744 1782 1919 1820 postquam
1937 1777 1993 1810 diu
2013 1780 2214 1823 multumque

133 1845 259 1866 mecum
273 1833 479 1873 dubitaram,
503 1833 551 1865 ita
571 1832 659 1876 apud
682 1834 823 1865 animum
847 1834 1011 1875 constitui,
1034 1838 1071 1866 ut
1094 1834 1180 1866 omni
1205 1845 1243 1865 ex
1267 1839 1362 1877 parte
1382 1835 1467 1866 intra
1487 1840 1640 1877 angustos
1658 1836 1739 1868 fines
1756 1848 1805 1868 me
1827 1837 2040 1877 continerem,
2062 1839 2214 1882 proprias

133 1895 271 1925 Gsssi-:xn
293 1892 473 1925 sententias
490 1892 726 1935 opinionesque
740 1893 812 1925 fere
827 1893 967 1925 intactas
983 1894 1211 1937 relinquerem,
1235 1905 1341 1936 neque
1360 1906 1396 1925 ea
1412 1906 1495 1937 quae
1520 1893 1561 1926 de
1586 1895 1707 1940 etymis
1730 1907 1843 1927 vocum
1875 1896 2214 1940 significationumque

131 1952 302 1985 ordinibus
318 1951 555 1984 constituendis
569 1951 634 1983 sibi
648 1952 882 1994 persuasisset,
905 1952 978 1995 ipse
992 1952 1238 1993 labefactarem,
1267 1954 1368 1984 multo
1393 1954 1491 1985 etiam
1507 1954 1611 1985 minus
1630 1954 1663 1985 in
1681 1954 1721 1985 iis
1745 1966 1828 1998 quae
1848 1954 1887 1986 de
1904 1955 2105 1997 singulorum
2125 1958 2159 1988 S.
2179 1958 2212 1989 S.

131 2012 275 2043 locorum
290 2011 565 2054 interpretatione
580 2010 762 2052 statuisset,
787 2011 967 2055 quidquam
984 2015 1154 2053 mutarem,
1179 2013 1328 2056 quamtis
1343 2023 1541 2055 magnopere
1560 2024 1577 2044 a
1594 2014 1705 2045 multis
1723 2014 1792 2045 eins
1809 2014 1979 2045 sententiis
1997 2014 2211 2048 discederem·

132 2070 262 2103 Etenim
292 2070 321 2102 si
351 2081 546 2114 expromere
569 2070 744 2102 voluissem
776 2070 884 2101 onmia
913 2081 997 2113 quae
1026 2071 1096 2114 ipse
1125 2072 1281 2104 sentirem
1314 2083 1437 2114 quaeve
1462 2072 1597 2103 collecta
1620 2073 1794 2113 haberem,
1827 2073 1922 2114 plane
1945 2084 2027 2105 nova
2053 2075 2214 2106 volumina

133 2128 308 2161 scribenda
337 2129 490 2161 fuissent.
544 2131 658 2171 Neque
689 2133 910 2171 opportunum
941 2130 1048 2161 locum
1084 2131 1255 2163 censebam
1289 2141 1361 2162 esse
1397 2130 1438 2162 ad
1473 2131 1684 2163 excutiendas
1716 2131 2003 2173 congerendasque
2034 2134 2212 2165 sententias

134 2189 277 2222 virorum
300 2187 490 2228 doctorum,
521 2188 577 2230 qui
600 2191 676 2231 post
699 2189 872 2220 Gi-:ssxwu
904 2188 938 2220 in
969 2189 1020 2220 his
1046 2189 1168 2221 litteris
1195 2189 1340 2222 colendis
1371 2189 1676 2232 amplificandisque
1707 2201 1839 2232 operam
1871 2191 2031 2223 locarunt.
2087 2195 2211 2224 Horum

133 2248 219 2280 enim
242 2247 367 2291 scripta
383 2251 457 2279 ante
477 2246 620 2279 omnium
641 2248 751 2278 oculos
773 2247 881 2290 posita
904 2250 981 2280 sunt
1002 2258 1062 2280 nec
1084 2259 1102 2279 a
1126 2258 1287 2292 quoquam
1311 2260 1423 2280 eorum
1447 2248 1674 2290 negliguntur,
1698 2249 1755 2291 qui
1778 2249 1810 2280 in
1833 2249 1947 2281 barum
1969 2261 2078 2282 rerum
2103 2252 2213 2284 studio

130 2311 315 2338 versantur.
916 2346 919 2349 Ι

304 2367 419 2407 ltaque
441 2363 473 2395 id
499 2365 715 2396 cummaxime
739 2365 870 2406 curavi,
907 2369 944 2397 ut
972 2365 1006 2397 in
1035 2366 1096 2398 hoc
1125 2367 1272 2399 volumen
1296 2366 1525 2410 reciperentur
1547 2367 1655 2399 omnia
1676 2378 1759 2410 quae
1784 2369 1948 2399 Gesnxius
1972 2367 2045 2412 ipse
2068 2369 2101 2401 in
2127 2370 2210 2401 libro

131 2435 190 2456 suo
214 2423 413 2455 correxisset
433 2424 484 2456 vel
507 2424 539 2455 in
563 2424 708 2466 margine
732 2423 902 2457 schedisve
924 2424 1062 2457 adiectis
1092 2426 1287 2465 notavisset3
1319 2437 1377 2458 nec
1401 2425 1579 2469 quidquam
1612 2427 1680 2458 eins
1710 2426 1839 2467 generis
1871 2427 1976 2459 sciens
2006 2428 2156 2469 neglexi,
2183 2429 2210 2459 si

134 2482 230 2515 modo
253 2481 371 2523 aliquis
393 2492 471 2513 usus
495 2493 566 2514 esse
587 2487 719 2526 posset,
750 2484 865 2526 paucis
888 2486 1013 2516 tantum
1039 2485 1205 2527 exceptiS,
1234 2496 1318 2527 qnae
1340 2484 1518 2517 festinante
1542 2486 1664 2517 calamo
1689 2486 1812 2529 scripta
1837 2487 1886 2517 vel
1908 2487 1940 2518 in
1965 2497 2077 2518 errore
2098 2497 2210 2518 versa-

132 2545 248 2574 rentur
269 2541 319 2572 vel
341 2539 520 2582 scriptione
540 2552 602 2573 non
626 2553 826 2585 magnopere
849 2542 949 2584 digna
972 2545 1094 2574 essent.
1138 2542 1280 2574 Plurima
1308 2544 1473 2576 Gssesms
1496 2544 1529 2575 in
1552 2544 1753 2587 primoribus
1785 2545 1861 2576 libri
1890 2545 2042 2588 partibus
2075 2546 2208 2577 meliora

132 2600 225 2640 fecit,
251 2610 387 2642 quorum
409 2599 518 2641 capita
540 2601 718 2644 praecipua
739 2602 803 2632 iam
826 2601 1011 2632 inseruerat
1024 2600 1147 2632 Lexico
1164 2601 1305 2632 Manuali
1321 2606 1388 2633 tum
1406 2614 1504 2644 quum
1520 2614 1635 2634 novam
1654 2607 1786 2646 pararet
1813 2603 2003 2643 editionem,
2027 2615 2111 2646 quae
2135 2608 2209 2646 post

134 2659 204 2691 eius
234 2658 402 2690 decessum
424 2660 622 2690 Horrnfflm
652 2659 713 2691 viri
743 2661 778 2690 S.
802 2662 846 2691 V.
878 2671 956 2691 eura
984 2658 1109 2702 prodiit
1141 2670 1223 2690 anno
1249 2662 1544 2693 MDCCCXLVH.
1596 2664 1645 2694 Ex
1675 2661 1789 2694 eodem
1819 2663 1942 2694 Lexico
1971 2663 2115 2694 Manuali
2147 2662 2208 2693 alia

134 2725 261 2758 quoqne
284 2715 467 2759 supplenda
490 2720 601 2757 erant,
631 2718 721 2750 velut
742 2718 906 2749 nominum
929 2717 1138 2761 propriorum
1167 2717 1200 2749 in
1231 2718 1395 2750 Thesauro
1424 2721 1731 2763 praetermissorum
1764 2733 1918 2753 numerus
1947 2721 2034 2753 haud
2057 2721 2206 2761 exiguus,

133 2773 167 2805 in
190 2773 309 2815 quibus
331 2774 521 2815 colligendis
545 2786 603 2807 sua
626 2780 742 2818 sponte
765 2787 860 2820 opem
883 2777 1029 2808 tulerunt
1059 2776 1224 2809 duumviri
1254 2777 1425 2810 clarissimi
1457 2780 1601 2823 mihique
1633 2781 1726 2812 amici
1751 2782 1785 2812 S.
1811 2784 1845 2812 P.
1863 2784 2056 2813 Tanusius
2081 2781 2207 2819 Anglns

133 2836 167 2864 et
188 2835 225 2864 F.
249 2834 456 2865 Bomrcmm
479 2833 689 2867 DresdensiS.
