2423 3011
659 379 929 433 ovio
1015 344 1650 429 GEsssnlvsv

249 508 798 552 LITTERARVM
855 503 1426 546 HEBRAEARVM
1484 498 2014 539 CYLTORIBVS

412 601 419 607 ’
897 613 1355 658 sALVTEM

95 761 329 826 Secundum
369 788 550 825 Thesauri
589 785 666 821 mei
708 783 925 819 fasciculum
963 783 1114 820 tandem
1148 781 1353 828 multoque,
1392 792 1505 829 quam
1541 785 1778 827 optaveram,
1821 778 1936 814 serius
1974 778 2011 812 in
2044 776 2163 812 lucem

106 864 281 902 Plblicam
306 863 494 899 emittenti
518 860 765 898 metuendum
792 859 883 895 mihi
908 870 1016 903 sane,
1053 869 1099 894 ne
1125 860 1166 894 in
1186 856 1490 904 reprehensiones
1514 867 1643 892 eorum
1666 856 1873 897 incurram,
1909 855 1968 900 qui
1991 852 2165 888 editionis

107 936 237 974 tanssiu
277 939 573 986 procrastinatae
617 943 808 973 auctorem
850 935 1098 971 cunctationis
1137 933 1297 980 adeoque
1339 934 1506 980 segnitiei
1539 930 1798 967 accusaverint
1832 936 1869 964 et
1903 929 1948 964 de
1979 930 2045 964 tali
2072 929 2166 964 libro

106 1013 260 1053 unqssain
297 1013 530 1051 absolvendo
565 1025 687 1062 paene
720 1011 998 1060 desperandum
1033 1021 1112 1045 esse
1141 1009 1375 1045 clamitarint.
1439 1007 1660 1055 Quanquam
1695 1017 1761 1052 ego
1794 1015 1870 1039 non
1905 1005 1935 1040 is
1962 1016 2064 1046 sum,
2105 1005 2167 1051 qui

107 1093 260 1120 Omnem
284 1092 433 1140 culpam
474 1103 497 1127 a
529 1102 591 1126 me
625 1089 772 1125 amoliri
814 1094 852 1123 et
891 1088 933 1123 in
965 1098 1023 1122 res
1057 1091 1230 1121 externas
1270 1086 1470 1120 transferre
1501 1084 1617 1120 velim
1658 1103 1708 1108 --
1749 1092 1828 1116 non
1866 1082 1964 1116 enim
2000 1081 2053 1116 ita
2085 1091 2168 1115 sum

99 1157 371 1211 καλκὲντέως,
407 1174 449 1202 ut
476 1166 585 1202 huius
609 1165 753 1213 generis
780 1163 1058 1199 lucubrationes
1085 1161 1218 1196 laboris
1245 1160 1370 1206 plenas
1398 1162 1477 1195 sine
1504 1172 1548 1195 ea
1574 1159 1690 1194 animi
1713 1157 1966 1200 relaxatione,
2008 1167 2102 1203 quae
2129 1156 2169 1190 in

107 1234 319 1271 SUldiOl'Uffl
340 1244 514 1278 varietate
536 1247 612 1286 est,
645 1240 840 1276 absolvere
864 1239 1004 1286 possim
1026 1257 1076 1263 ——-
1100 1247 1175 1271 non
1199 1234 1354 1280 despero
1377 1240 1503 1270 tamen
1526 1236 1623 1277 fore,
1649 1237 1735 1268 ut'a
1756 1224 1919 1267 desidiae
1942 1239 1979 1267 et
2002 1233 2169 1267 inertiae,

105 1321 200 1356 quae
235 1321 259 1346 a
292 1317 425 1350 natum
454 1328 540 1352 mea
574 1315 822 1350 alienissimae
856 1319 961 1356 sunt,
1003 1312 1159 1347 crimine
1193 1321 1255 1344 ine
1288 1309 1449 1345 liberem.
1509 1309 1564 1346 Ne
1591 1310 1692 1344 enim
1720 1308 1766 1343 de
1794 1309 1896 1343 libris
1922 1308 2171 1353 grammaticis

105 1383 228 1420 dicam
255 1385 383 1421 multis
410 1392 526 1427 motis
552 1402 674 1438 nuper
699 1390 817 1425 auctis
843 1394 880 1424 et
905 1388 1133 1431 retractatis,
1172 1396 1346 1431 magnam
1372 1386 1546 1433 temporis
1572 1391 1737 1433 partem,
1775 1383 1873 1431 quod
1900 1383 1988 1418 inde
2013 1394 2035 1418 a
2061 1383 2172 1429 primi

104 1460 270 1497 fasciculi
295 1461 462 1498 editione
486 1468 642 1511 effluxit,
669 1466 850 1502 absumsit
866 1465 1033 1500 Lexicon
1054 1462 1229 1499 manuale
1254 1467 1340 1496 ante
1362 1460 1431 1496 hoc
1451 1461 1640 1497 biennium
1662 1461 1974 1497 latino-sermone
1996 1460 2172 1506 primum,

104 1543 192 1584 post
215 1539 424 1584 germanice
452 1546 623 1586 quartum
653 1553 675 1577 a
698 1553 759 1577 me
785 1541 940 1577 editum.
993 1537 1092 1582 Quas
1120 1537 1272 1586 quidem
1301 1536 1480 1572 editiones
1499 1550 1610 1586 quum
1628 1550 1705 1573 non
1724 1539 1803 1574 sine
1823 1548 1924 1572 nova
1942 1542 1979 1570 et
1996 1534 2174 1580 singulari

106 1624 195 1648 cura
228 1614 267 1649 in
296 1615 488 1661 publicum
522 1616 694 1651 emittere
724 1617 880 1660 vellem,
922 1616 1042 1651 multa
1075 1614 1167 1650 mihi
1194 1613 1257 1649 vel
1279 1614 1413 1648 iterum
1438 1614 1696 1660 pertractanda
1719 1614 1782 1650 vel
1805 1624 1933 1649 recens
1959 1610 2175 1657 indaganda

106 1695 230 1732 erant,
268 1700 362 1736 quae
395 1691 434 1726 in
468 1691 675 1727 minoribus
709 1691 932 1727 editionibus
966 1692 1130 1731 breviter
1156 1695 1305 1725 tantum
1332 1690 1559 1737 strictimque
1583 1691 1656 1726 dici
1683 1696 1875 1738 poterant,
1914 1688 2059 1735 plenius
2086 1687 2174 1721 olim

105 1765 146 1800 in
165 1763 354 1800 Thesauro
377 1765 614 1814 disputanda.
668 1767 768 1803 Dein
788 1769 826 1803 in
848 1767 1158 1816 palaeographiae
1181 1766 1379 1809 semideae,
1405 1766 1573 1800 maxime
1593 1767 1830 1814 phoeniciae,
1861 1764 2025 1800 studium
2052 1762 2175 1798 denuo

108 1839 272 1883 delatus,
310 1839 366 1875 his
387 1843 676 1887 quaestionibus,
699 1854 794 1889 quae
813 1844 961 1892 pridem
984 1844 1024 1878 in
1045 1842 1184 1878 deliciis
1207 1843 1375 1885 fuerant,
1402 1848 1439 1876 et
1464 1841 1650 1877 nonnullis
1674 1842 1830 1876 fortasse
1856 1839 1955 1875 haud
1979 1838 2176 1873 infeliciter

107 1914 382 1950 animadversis
414 1916 469 1950 ita
504 1916 656 1951 allectus
689 1927 790 1960 sum,
833 1925 875 1953 ut
901 1918 992 1953 haec
1018 1918 1192 1952 inchoata
1219 1916 1266 1951 de
1292 1917 1464 1951 manibus
1490 1916 1674 1963 deponere
1700 1915 1858 1950 nollem:
1901 1921 1978 1949 tam
2006 1913 2177 1959 gnaviter

107 1990 220 2036 igitur
250 1990 418 2037 perrexi,
456 1990 675 2038 frigentibus
705 1993 861 2028 subinde
888 1993 1067 2029 Thesauri
1099 1993 1232 2040 prelis,
1271 1998 1313 2027 ut
1346 1991 1479 2027 horum
1514 2002 1660 2038 quoque
1683 1991 1889 2027 studiorum
1916 1990 2057 2025 fructus
2078 1988 2177 2024 Viris

108 2065 229 2102 doctis
265 2076 361 2101 mox
394 2066 670 2102 examinandos
702 2067 847 2104 tradere
879 2070 1020 2116 possim
1047 2069 1090 2115 ⁶³).
1146 2066 1353 2110 Quominus
1387 2074 1512 2102 autem
1539 2073 1736 2113 utrumque
1764 2066 1861 2101 hunc
1891 2065 2026 2099 librum
2054 2075 2177 2111 paene

108 2141 321 2178 absolutum
357 2142 434 2177 iam
467 2143 569 2190 prius
606 2142 774 2188 ederem,
816 2150 896 2180 tum
931 2144 1129 2180 diuturnus
1165 2144 1285 2179 effecit
1323 2143 1492 2186 morbuS,
1532 2154 1603 2189 quo
1637 2149 1765 2189 pectus
1799 2152 1924 2176 meum
1960 2141 2076 2176 ferme
2108 2151 2177 2187 per

108 2217 303 2254 biennium
335 2217 544 2262 laboravit,
585 2224 667 2254 tum
702 2219 897 2267 singularis
931 2227 969 2255 et
998 2220 1151 2255 insolita
1176 2220 1384 2263 calamitas,
1424 2230 1496 2265 qua
1522 2218 1624 2253 Deus
1651 2229 1772 2264 nuper
1796 2215 1998 2252 admodum
2022 2215 2176 2250 domum

111 2304 236 2330 meam
267 2294 416 2338 afflixit,
463 2306 558 2342 quae
592 2295 692 2331 intra
725 2303 899 2343 quattuor
934 2307 1081 2332 menses
1118 2308 1179 2332 lne
1213 2296 1338 2344 ipsum
1372 2307 1454 2331 cum
1486 2305 1605 2329 uxore
1639 2300 1676 2329 et
1708 2298 1850 2340 septem
1886 2292 2009 2327 liberis
2044 2291 2175 2327 morbo

236 2452 265 2492 ⁸)
299 2454 407 2493 Opu8‚
439 2455 521 2494 quod
542 2456 666 2485 molitus
688 2466 773 2493 sum,
802 2456 1084 2496 palaeographicum
1104 2456 1238 2496 prodibit
1259 2456 1300 2485 ita
1322 2455 1516 2494 inscriptum:
1548 2453 1709 2484 Illarmora
1722 2451 1896 2493 phoenicia,
1922 2462 1996 2491 quae
2011 2458 2174 2490 supersum,

109 2513 208 2542 omnia
237 2513 335 2542 edidit
362 2518 392 2542 et
419 2515 583 2553 praemissa
615 2516 855 2546 commentatione
882 2514 918 2544 de
951 2514 1055 2545 litteris
1083 2523 1109 2544 ct
1139 2514 1240 2555 lingua
1268 2514 1443 2545 Phoenicum
1474 2512 1690 2554 Poenorumque
1718 2512 1881 2540 illustravit
1913 2508 1991 2539 Guil.
2026 2508 2173 2538 Cnsenius.

109 2572 270 2611 Specimen
294 2572 358 2602 eius
381 2573 518 2603 dedimus
541 2576 573 2604 in
597 2576 700 2604 libello
722 2586 804 2605 nunc
827 2576 1028 2605 cummaxime
1052 2576 1151 2605 edito:
1189 2574 1458 2616 Pala'ographischc
1481 2574 1607 2603 Studien
1629 2572 1705 2602 iiber
1725 2570 1923 2611 phonizische
1946 2569 2008 2599 und
2030 2568 2175 2609 punischc

109 2630 234 2662 Schrift.
277 2632 420 2673 Leipzig,
452 2633 511 2673 bey
532 2635 586 2665 Fr.
612 2635 688 2665 Chr.
713 2635 815 2665 wilh.
841 2636 937 2675 Vogel
964 2636 1053 2664 1835.
1087 2635 1118 2664 4.
