2423 3011
551 201 606 241 R.
645 209 728 259 ειη

125 302 199 330 tium
223 309 249 329 et
271 300 384 331 clamor
412 299 531 328 bellicus
555 301 683 329 militum
714 310 744 338 q.
769 300 798 329 d.
826 301 876 330 das
901 301 1048 329 Donnern
1071 300 1122 330 des

123 342 585 372 commandirendenl'cldherrn
602 344 662 371 und
676 343 725 371 das
745 342 954 381 Feldgeschrei
970 343 1023 371 der
1031 343 1123 371 Krio—

96 384 103 387 ”
123 395 186 424 ger.
216 386 337 421 XXVI,
361 386 417 413 14:
442 388 541 424 ἵζ’ἹΞΠἹ
569 393 604 424 ”q
630 389 741 428 &DQ-723
766 392 827 424 :335-
850 386 957 413 tonitr-n
978 385 1123 423 potentiae

122 428 182 455 eius
196 437 315 456 omnem
333 428 485 464 poter-:iae
501 428 620 455 divinae
636 428 754 456 laudem
768 428 832 467 quis
844 426 1018 466 percipiat?
1037 427 1120 465 Opp.

123 470 198 511 γξιιέ
221 479 283 496 vox
300 469 395 505 lenis,
419 479 573 498 susurrus.

207 518 324 566 ΠᾩΞῨἿ
355 526 377 555 f.
414 525 442 564 ι)
468 533 575 555 tremor
596 526 679 565 po'c't.
707 536 762 565 pro
785 525 852 554 iuba
877 526 966 564 equi,
998 525 1119 563 quaein

122 570 208 607 equis
223 564 421 599 nobilioribus
437 576 561 609 propter
576 571 701 600 cervicis
717 572 889 600 obesitatem
904 570 1120 607 contremiscit,

121 612 203 640 unde
226 622 272 651 gr.
302 611 385 651 φόβη
412 614 481 641 iuba
504 623 519 642 a
545 611 654 653 φόβος.
684 614 751 641 Iob.
776 613 927 648 XXXIX,
958 621 992 649 ¹9
1017 611 1116 650 (22):

120 660 213 696 Γτῖξξῖ
236 657 338 698 ’ἹἾΝΞζ
360 654 489 698 ῗὲᾟέηζ
509 663 574 683 lunc
599 656 736 684 cervicem
760 655 819 682 eius
838 654 980 682 vestivisti
997 661 1120 682 tremore

120 695 141 724 i.
169 693 196 724 e.
227 696 297 724 iuba
317 696 534 726 tremebunda?
562 696 667 725 anam
690 696 826 735 intelligit
846 697 933 724 etiam
950 695 1117 724 Bochartus

120 737 249 767 Hieroz.
268 739 282 767 1
306 749 336 776 p.
355 739 392 777 59
419 740 524 777 Lips.,
561 739 612 767 sed
635 739 753 767 ductam
776 748 793 766 a
815 745 877 777 αξη
895 750 938 763 =
955 744 1010 768 ῦῆἾ
1026 737 1119 766 altum

121 789 198 808 esse.
245 780 270 808 E
291 786 365 809 vett.
392 781 481 809 LXX
505 779 603 820 ([ὁρόν
624 780 754 809 reddunt
776 777 909 817 (soi-tii.
928 790 958 816 q.
975 777 1096 818 φόβην)
1110 801 1118 815 ,

121 821 170 849 ned
192 822 306 859 Symm.
332 821 480 861 κλιιγγιζν,
512 823 632 851 Theod.
653 819 866 860 χρεμετισμόν.
906 821 998 858 Vulg.
1023 821 1120 849 hinni-

120 869 198 897 1um,
240 865 320 901 qnod
354 867 443 893 etiam
472 865 656 893 recentiores
679 863 759 893 haud
789 863 877 901 pauci
918 863 1116 902 adoptarunt,

121 911 214 947 κρῖ-ι
235 915 282 943 pr.
305 908 464 944 strepitum
483 917 507 934 s.
527 907 681 935 fremitum
697 905 729 934 h.
747 905 769 934 l.
787 906 823 933 de
839 904 959 933 hinnitu
975 905 1032 933 ‘lici
1051 905 1118 933 exi-

119 944 285 976 stiniantes.
331 949 388 977 Sed
413 949 590 978 adversatur
608 952 780 976 contextus.
827 947 904 982 Quis
927 947 1007 975 enim
1025 946 1116 983 dicat,

121 989 269 1017 cervicem
284 989 403 1018 hinnitu
421 991 557 1018 vestitam
575 990 662 1018 esse?
689 993 794 1017 contra
817 989 861 1017 nil
879 989 1045 1017 contortius
1062 988 1117 1017 hac

119 1030 337 1067 explicatione:
362 1041 435 1060 num
449 1032 602 1060 hinnitum
618 1030 768 1059 vestivisti
784 1031 861 1059 collo
876 1031 940 1060 eius
955 1031 976 1058 i.
996 1040 1023 1058 e.
1043 1041 1115 1059 num

119 1077 224 1108 guttur
245 1073 310 1100 eius
328 1074 459 1111 implesti
479 1073 621 1102 hinnitu?
645 1073 693 1101 cui
716 1073 830 1101 accedit
853 1072 933 1110 quod
950 1080 1038 1115 -ικῇξ
1053 1084 1117 1101 cer-

118 1114 209 1142 vicem
232 1119 261 1143 et
287 1113 391 1143 collum
411 1122 563 1144 externum
590 1115 756 1154 significat,
787 1124 942 1153 nunquam
962 1116 1116 1143 internum

118 1164 144 1182 a.
162 1161 275 1194 guttur.

201 1196 232 1235 2)
256 1208 288 1227 ιι.
305 1208 353 1236 pr.
378 1198 474 1236 gentis
491 1198 612 1227 Cuscho
629 1198 793 1233 oriundae,
819 1199 905 1226 cuius
920 1197 1014 1227 filiis.
1032 1199 1116 1226 colo-

118 1239 184 1267 niae
205 1245 290 1268 erant
307 1240 381 1268 Saba
404 1239 515 1277 (Rani)
538 1245 567 1268 et
584 1240 692 1268 Dedan
709 1239 801 1282 (73¹³.)
819 1240 990 1276 Gen.X,7.
1013 1249 1023 1268 1
1044 1241 1114 1268 Par.

118 1280 145 1314 1,
163 1290 200 1318 9,
233 1291 309 1319 quae
332 1290 391 1309 uua
414 1273 493 1310 cuin'
508 1282 625 1310 Sabaeis
641 1279 790 1318 aromata',
814 1291 943 1319 gemmas
964 1286 994 1310 et
1008 1291 1115 1310 aurum

118 1321 222 1359 Tyriis
238 1323 387 1352 vendebat
400 1324 454 1352 ΕΖ.
465 1324 601 1358 XXVII,
612 1332 664 1351 22.
697 1324 785 1352 Licet
798 1324 926 1352 aliorum
943 1323 1117 1351 Cuschaeo-

119 1373 186 1392 rum
217 1365 301 1393 sedes
324 1365 355 1392 in
388 1365 549 1402 Aethiopia
569 1366 633 1394 sine
657 1365 750 1393 dubio
774 1365 838 1393 fere
862 1365 1020 1403 ponendae
1043 1365 1113 1400 sint,

118 1409 218 1434 tamen
235 1404 378 1434 Rai³mam
395 1406 425 1434 in
444 1407 555 1435 Arabia
569 1407 690 1435 australi
709 1416 852 1444 quaerere
870 1406 919 1434 vel
934 1407 1115 1434 Sabaeorum

119 1452 149 1475 et
166 1448 383 1476 De'dauitarum
399 1448 513 1476 vicinia
531 1448 644 1476 suadet.
689 1449 761 1476 Duo
779 1453 878 1476 autem
899 1453 970 1476 sunt
985 1448 1115 1477 Arabiae

119 1489 246 1527 oppida,
278 1490 309 1517 in
333 1490 440 1526 quibus
457 1490 586 1518 Ra'einae
607 1491 718 1519 veteris
737 1491 893 1528 vestigium
918 1489 996 1518 haud
1012 1490 1115 1528 inepte

118 1540 260 1569 quaeras:
283 1531 311 1569 a)
331 1529 441 1570 ίΡὲγμα
458 1532 537 1560 Ptol.
559 1531 589 1568 6,
609 1541 623 1569 7
650 1529 796 1571 (ιΡέγαμα
810 1533 879 1561 cod.
896 1532 960 1560 Pal.
977 1537 1007 1560 et
1024 1532 1115 1560 Cois·-

118 1571 190 1603 lin.)
203 1595 210 1606 ‚
230 1570 348 1612 ‘Pi'j‘ypm
363 1573 466 1611 Steph.
488 1574 562 1611 Byz.
576 1595 584 1609 ‚
608 1574 644 1602 ad
660 1574 759 1602 sinum
780 1575 934 1603 Persicum
952 1574 1002 1601 88‘
1015 1574 1112 1611 Iong.,

120 1614 191 1652 233¹
203 1615 257 1643 lat.
271 1636 278 1648 ‚
310 1616 340 1644 in
357 1616 573 1644 Dedanitarum
598 1616 689 1653 igitur
707 1616 817 1644 vicinia
839 1615 889 1653 (v.
906 1615 978 1658 '‘T-i)
991 1637 998 1650 ,
1033 1616 1113 1653 quod

120 1656 219 1693 ipsum
248 1657 378 1685 voluisse
403 1658 524 1686 videtur
552 1657 777 1686 Alexandrinus
809 1658 839 1685 in
877 1656 957 1686 Gen.
985 1658 1114 1686 reddens

84 1700 87 1702 ’
114 1694 243 1736 ‘Pinum
281 1697 314 1737 b)
336 1704 401 1744 κῃ)
421 1700 531 1734 Rima,
561 1699 591 1727 in
612 1700 725 1728 Arabia
743 1700 885 1735 australi,
910 1700 1008 1728 tribus
1022 1699 1116 1727 itine-

118 1748 203 1777 ribus
217 1759 232 1775 a
249 1748 341 1775 Sanna
355 1754 491 1777 austrum
507 1759 626 1782 versus,
651 1749 813 1777 Niebuhrii
829 1750 922 1779 Arab.
946 1749 1016 1778 148.
1038 1750 1112 1787 293.

118 1789 291 1817 Jotiannsen
311 1789 382 1817 hist.
408 1791 547 1817 Jemanae
577 1791 657 1827 289,
693 1791 794 1828 itaque
818 1801 879 1819 non
906 1792 945 1820 ita
969 1792 1073 1828 procul
1097 1801 1114 1819 a

119 1831 248 1858 Sabaeis.
295 1830 352 1857 Sed
382 1831 455 1858 illud
484 1831 623 1859 conferre
652 1837 801 1868 praestat,
839 1841 938 1868 neque
969 1833 1055 1860 facite
1083 1833 1114 1860 in

120 1872 202 1900 hunc
218 1881 338 1900 censum
357 1866 478 1900 vocabis
501 1870 529 1909 c)
547 1870 668 1900 Romam
685 1873 715 1900 in
731 1878 808 1901 terra
824 1871 910 1910 Neg‘d
921 1895 928 1909 ,
958 1874 1112 1902 Bassoram

120 1913 200 1942 inter
226 1918 259 1942 et
286 1913 440 1948 Meecam,
475 1913 595 1941 Iomard
625 1915 736 1942 Arabie
767 1915 897 1943 centrale
926 1924 957 1951 p.
980 1914 1033 1942 36.
1058 1915 1111 1952 37.

120 1955 498 1993 Bombay-Transactiona
521 1955 581 1990 ΙΙΙ,
606 1955 678 1993 459.

205 2036 347 2083 0029]
377 2045 457 2074 Gen.
486 2045 628 2080 XLVII,
656 2054 705 2073 ιι.
740 2045 800 2073 Ex.
825 2044 905 2081 XII,
931 2044 984 2081 37.
1015 2045 1109 2073 Num.

120 2102 280 2138 xxxm,
309 2102 340 2130 3.
365 2102 382 2130 5
413 2106 443 2130 et
472 2092 615 2140 Όζῖᾯῖῑ
640 2102 740 2130 exod.
766 2101 794 2138 1,
819 2111 851 2129 ιι
877 2101 946 2140 (cui
961 2101 1110 2130 vocalium

119 2144 286 2173 diversitati
309 2143 383 2172 nihil
404 2153 527 2182 prorsus
547 2139 739 2172 tribuendum
764 2144 827 2180 est)
855 2154 886 2171 n.
910 2154 956 2181 pr.
981 2145 1066 2172 urbis
1081 2144 1111 2172 in

118 2191 199 2214 terra
223 2185 346 2222 Gosen,
384 2195 473 2224 quam
498 2186 650 2214 Isra'elitae
668 2186 751 2214 iussu
775 2185 939 2213 Pharaonis
962 2196 1019 2213 una
1042 2195 1111 2214 cum

120 2227 262 2256 Pithomo
283 2228 332 2255 vel
353 2228 547 2256 aedificarunt
565 2228 614 2257 vel
629 2229 827 2256 muniverunt
848 2227 966 2264 (Exod.
985 2228 1010 2263 I,
1034 2227 1109 2265 ιι),

118 2279 158 2297 ex
182 2279 241 2306 qua
263 2269 332 2297 dein
356 2279 395 2298 ex
416 2270 554 2308 Aegypto
583 2270 730 2308 egressuri
758 2269 888 2306 profecti
912 2274 999 2304 sunt,
1037 2270 1111 2297 duas

116 2311 185 2339 inde
201 2312 342 2340 stationes
358 2321 452 2350 usque
468 2312 577 2340 Etham
593 2313 614 2341 i.
631 2322 658 2340 e.
676 2312 840 2341 terminum
856 2311 965 2340 deserti
981 2311 1111 2340 habituri

1110 200 1221 244 1297

1546 210 1679 263 narb
1710 209 1851 262 osan

1192 299 1302 338 (XIII,
1329 309 1377 329 12.
1413 301 1507 330 Num.
1530 301 1564 330 ll.
1589 300 1668 339 cc.).
1713 302 1890 331 Primariam
1917 313 1979 332 eam
2003 304 2186 340 Gosenitidis

1191 344 1298 371 urbem
1324 343 1437 379 fuisse,
1476 354 1514 372 cx
1544 353 1580 372 eo
1612 343 1734 382 colligas
1761 345 1840 382 quod
1861 351 1972 388 organun
1997 353 2068 386 γῆκ
2102 350 2181 380 Gen.

1190 385 1332 420 XLVII,
1358 394 1389 413 ιι
1425 386 1550 423 ponitur
1577 395 1632 423 pro
1664 392 1742 413 nerra
1771 387 1864 415 Gosen
1890 379 2002 418 comm.
2029 380 2124 420 [rcf-
2146 395 2184 431 γῆ

1194 426 1340 464 Ιάμεσσῆ
1364 426 1444 455 Gen.
1471 428 1586 463 XLVI,
1612 428 1650 455 28
1680 437 1735 465 pro
1755 431 1808 470 'quia
1826 435 1902 471 ,γ’-μγ,
1925 436 1955 459 et
1975 431 2080 460 Judith
2099 434 2124 469 1,
2145 445 2182 473 9:

1191 468 1242 497 καὶ
1254 465 1407 506 Ἱίιμεσσῆ
1424 468 1472 498 καὶ
1489 471 1589 498 πᾶσαν
1604 471 1660 508 γῆν
1675 467 1781 507 Ιέσὲμ.
1806 487 1846 492 -
1884 473 1933 500 Dc
1954 473 2011 501 situ
2035 479 2064 503 et
2079 486 2183 505 recen—

1190 511 1267 539 tiore
1283 511 1347 538 eius
1365 511 1487 539 nomine
1503 512 1715 549 quaerentibus
1731 512 1817 540 nobis
1839 513 1915 542 duae
1931 516 2063 544 maxime
2078 527 2185 548 occur-

1189 557 1261 581 runt
1275 553 1447 590 opiniones.
1494 554 1560 581 Una
1588 553 1615 590 ι)
1639 559 1682 582 est
1700 555 1851 584 suman
1877 561 1907 584 et
1929 558 1984 586 Ar.
2002 559 2076 596 Erp.
2091 580 2098 594 ,
2133 562 2185 599 qui

1187 592 1220 626 ,Ἴ
1252 612 1343 636 ΨΜ
1373 609 1434 636 &3⁸²
1477 595 1606 624 reddunt
1643 595 1663 624 i.
1703 606 1731 625 e.
1768 595 1956 636 Heliopolin‚
2000 602 2186 639 approbante

1185 645 1358 673 Jablonskio
1381 645 1535 683 (Opuscc.
1561 646 1611 681 11,
1638 645 1733 683 135):
1770 647 1969 677 renitentibus
1990 659 2064 679 vero
2085 662 2178 690 quum

1187 687 1252 714 aliis
1267 688 1450 724 argumentis
1473 686 1661 726 (Heliopolis
1677 688 1755 716 enim
1770 695 1888 727 aegypt.
1907 692 2110 728 appellabatur
2124 698 2184 735 7⁴1⁸,

1187 728 1327 757 hebraice
1351 736 1426 771 11:73123
1451 728 1527 769 ηιξ)
1549 733 1613 758 tum
1630 730 1760 758 maxime
1773 731 1849 766 situ,
1882 733 1933 769 qui
1947 733 2036 762 nimis
2051 743 2186 768 remotus

1187 775 1231 798 est
1247 781 1263 798 a
1279 771 1353 799 mari
1370 772 1475 800 rubro.
1521 771 1625 800 Altera
1648 772 1680 808 2)
1697 777 1740 801 est
1758 772 1915 802 d'Anvillii
1935 774 2116 811 (nstmoires
2133 790 2185 809 sur

1187 802 1327 850 I'ssgypte
1351 822 1404 841 121
1430 811 1539 851 sqq.),
1570 814 1820 852 Hengstenbergii
1846 814 1990 851 (Biieher
2009 819 2098 849 Mose
2119 823 2182 852 und

1186 855 1344 893 Aegypten
1362 865 1392 893 p.
1412 855 1450 882 48
1466 854 1548 893 sqq.)
1571 855 1610 884 al.
1635 856 1686 893 qni
1701 854 1830 884 Ramsen
1847 858 1969 886 eandem
1986 861 2092 890 urbem
2111 873 2183 892 cen-

1185 901 1251 924 sent
1266 901 1355 934 atque
1376 896 1576 936 Hcroopolin,
1608 897 1718 935 quibus
1737 899 1756 926 ii
1775 908 1894 936 quoque
1911 905 2102 932 annumerari
2113 915 2184 943 pos-

1187 942 1258 966 sunt
1281 939 1333 976 qui
1357 940 1485 967 Ramsen
1500 938 1617 967 Avarin
1633 939 1746 968 faciunt
1763 939 1924 977 (Clericus,
1940 943 2183 977 Lakemacherus

1184 979 1217 1008 in
1234 979 1298 1009 obs.
1318 980 1394 1018 phil.
1412 981 1470 1016 Vl,
1489 980 1564 1009 231.
1595 979 1746 1010 Miillerus
1769 982 1800 1009 in
1822 987 1877 1011 sat.
1902 984 1966 1013 obs.
1985 986 2061 1023 phil.
2082 988 2178 1027 189):

1184 1021 1377 1061 Heroopoliu
1405 1023 1486 1050 enim
1515 1027 1545 1050 et
1574 1022 1691 1051 Avarin
1715 1023 1921 1060 Hycsosorum
1946 1036 2035 1056 unam
2058 1031 2182 1060 eandem

1184 1064 1292 1092 urbem
1314 1064 1409 1092 fuisse
1430 1064 1515 1103 plura
1537 1069 1607 1093 sunt
1624 1074 1699 1102 quae
1718 1065 1859 1094 suadeant
1873 1065 1898 1104 ²³)
1911 1088 1918 1102 ,
1953 1069 2046 1098 immo
2060 1081 2182 1109 persua-

1184 1104 1285 1135 deant.
1339 1107 1387 1134 De
1411 1116 1469 1144 qua
1498 1106 1618 1143 quidem
1645 1107 1792 1134 sententia
1815 1113 1849 1136 ut
1872 1109 2015 1138 iudicium
2034 1113 2179 1152 seramus,

1184 1147 1259 1174 duae
1282 1147 1506 1186 distinguendae
1529 1153 1601 1176 sunt
1624 1149 1833 1186 quaestiones,
1865 1150 1903 1179 de
1915 1152 2024 1189 quibus
2040 1155 2182 1196 deinceps

1184 1189 1366 1217 videbimus.
1411 1190 1451 1217 Et.
1480 1189 1564 1225 prior
1590 1190 1711 1227 quidem
1742 1195 1786 1218 est
1812 1191 1848 1219 de
1870 1192 1931 1221 situ
1950 1194 2179 1236 Heroopoleos,

1185 1240 1274 1268 quam
1291 1231 1396 1259 Strabo
1410 1231 1515 1266 XVII,
1539 1239 1567 1267 1,
1586 1232 1625 1259 25
1651 1236 1679 1259 et
1695 1232 1812 1260 Plinius
1826 1233 1882 1267 VI,
1900 1235 1952 1263 32.
1972 1237 2012 1265 33
2026 1239 2063 1267 ad
2080 1245 2181 1270 extre-

1184 1282 1267 1300 mum
1290 1273 1390 1301 sinum
1415 1272 1580 1301 Arabicum
1603 1278 1736 1311 ponunt,
1767 1275 1819 1312 qui
1840 1275 1909 1304 inde
1925 1277 2181 1318 Heroopolitanns

1187 1314 1285 1342 dictus
1313 1315 1373 1350 sit,
1404 1319 1518 1347 =contra
1543 1315 1728 1343 recentiores
1748 1315 1827 1344 haud
1857 1319 1944 1355 pauci
1966 1330 2046 1350 max.
2071 1323 2140 1353 inde
2164 1336 2181 1354 a

1183 1356 1280 1393 prima
1302 1355 1567 1393 Francogallorum
1591 1356 1784 1393 expeditione
1807 1356 1856 1394 (v.
1881 1359 2033 1390 d’Anville
2052 1363 2073 1392 l.
2091 1375 2119 1394 c.
2142 1365 2180 1395 ἆυ

1184 1395 1259 1424 Rois
1273 1396 1365 1425 Αἰνηὲ
1385 1401 1415 1425 et
1433 1395 1458 1424 le
1477 1395 1555 1425 Pare
1576 1397 1606 1425 in
1622 1398 1728 1426 Descr.
1752 1397 1789 1426 de
1803 1388 1942 1438 I'Egypte
1957 1402 2016 1439 XI,
2033 1405 2094 1442 376
2111 1417 2179 1446 sqq.

1184 1446 1242 1476 291
1269 1448 1336 1476 sqq.
1377 1438 1591 1476 Champollion
1615 1428 1755 1478 I’ingypte
1776 1439 1798 1467 l.
1824 1450 1852 1469 c.
1877 1441 1928 1477 Π,
1955 1444 1992 1479 87
2021 1446 2109 1485 sqq.)
2137 1450 2178 1478 ibi

1184 1480 1351 1516 collocant,
1382 1481 1434 1509 nbi
1450 1480 1540 1509 hodie
1555 1486 1626 1509 sunt
1639 1482 1744 1510 ruinae
1764 1481 2039 1522 Abu-Keyscheid
2055 1489 2086 1516 in
2101 1490 2179 1520 valle

1182 1522 1287 1560 VVady
1302 1522 1377 1550 Saba
1393 1523 1473 1561 Byar
1484 1544 1492 1559 ,
1525 1523 1561 1550 ad
1577 1523 1658 1551 lacus
1673 1533 1788 1552 amaros
1799 1545 1806 1559 ‚
1832 1525 1872 1553 50
1886 1525 1950 1555 sere
1972 1529 2046 1558 mill.
2068 1540 2146 1560 rom.
2162 1543 2179 1562 a

1184 1564 1259 1592 mari
1274 1564 1385 1592 rubro:
1419 1575 1508 1602 qnam
1528 1564 1648 1602 quidem
1669 1566 1847 1594 sententiam
1862 1568 1951 1596 etiam
1967 1580 2062 1599 meam
2079 1572 2179 1603 facere

1182 1615 1245 1633 non
1260 1605 1379 1633 dubito.
1424 1606 1502 1634 Nam
1529 1615 1557 1634 1.
1582 1607 1614 1634 in
1636 1607 1791 1636 itinerario
1811 1608 1960 1638 Antonini
1978 1610 2030 1651 (p.
2053 1622 2111 1650 170
2128 1616 2176 1646 ed.

1182 1647 1332 1682 IVessel.)
1351 1645 1434 1676 Hero
1450 1648 1469 1676 i.
1481 1658 1508 1676 e.
1524 1649 1708 1686 Heroopolis
1724 1649 1847 1687 ponitur
1862 1652 1962 1679 medio
1975 1653 2084 1684 itinere
2099 1658 2178 1687 inter

1183 1688 1286 1717 Thum
1311 1688 1474 1727 (Pithom)
1498 1694 1528 1717 et
1543 1691 1704 1728 Serapeum
1715 1712 1723 1726 ,
1748 1691 1789 1719 ita
1804 1695 1839 1720 ut
1854 1702 1870 1720 a
1885 1693 1989 1722 'rhum
2004 1696 2042 1724 ad
2056 1697 2179 1727 Heroo-

1182 1731 1266 1769 polin
1281 1741 1321 1759 m.
1338 1741 1417 1769 pass.
1436 1732 1496 1759 sint
1510 1732 1591 1769 XII,
1622 1743 1638 1760 a
1654 1733 1823 1771 Heroopoli
1843 1734 1879 1762 ad
1903 1735 2066 1774 Serapeum
2083 1749 2125 1768 m.
2143 1751 2174 1779 p.

1182 1773 1311 1808 XXIV,
1350 1773 1430 1811 quod
1455 1783 1523 1801 cum
1549 1774 1607 1801 situ
1630 1774 1785 1803 ruinarum
1806 1775 2079 1816 Abu—Keyscheid
2101 1782 2176 1811 bene

1183 1816 1337 1843 convenit.
1399 1824 1429 1843 2.
1462 1815 1670 1844 Nihilominus
1695 1826 1765 1845 vera
1794 1817 1891 1846 fuisse
1917 1827 2064 1856 possunt,
2100 1834 2176 1861 quae

1182 1856 1344 1893 geographi
1363 1857 1459 1893 graeci
1475 1857 1510 1884 de
1529 1857 1589 1884 situ
1606 1858 1690 1885 urbis
1712 1857 1742 1884 in
1764 1858 1875 1886 vicinia
1894 1861 1982 1889 maris
2004 1863 2172 1902 affirmant3

1181 1897 1335 1934 probabile
1351 1898 1429 1925 enim
1445 1902 1507 1933 est,
1533 1908 1614 1926 mare
1629 1899 1755 1927 rubrum
1771 1899 1938 1936 antiquitus
1953 1903 2041 1932 etiam
2056 1905 2175 1937 lacuum

1181 1947 1351 1965 amarorum
1369 1938 1487 1966 alveum
1506 1939 1678 1977 implevisse
1694 1939 1749 1977 *‘).
1794 1940 1826 1968 3.
1850 1941 1938 1970 Sinus
1960 1943 2177 1984 Heroopolita-

1182 1988 1238 2006 nus
1267 1978 1325 2007 hoc
1347 1980 1478 2008 nominis
1497 1980 1656 2018 impetrare
1677 1985 1815 2018 poterat,
1854 1983 1972 2012 etiamsi
1991 1986 2027 2014 ad
2048 1996 2174 2019 nonaum
2220 2014 2224 2018 ,

1182 2020 1272 2048 modo
1294 2021 1587 2059 Heroopolitanum,
1618 2031 1679 2050 non
1696 2022 1734 2051 ad
1756 2022 1848 2061 ipsam
1869 2025 1973 2054 urbem
1992 2029 2172 2065 pertinebat.

1180 2061 1225 2090 Ut
1248 2067 1346 2091 autem
1368 2072 1437 2091 cum
1459 2063 1655 2101 scriptoribus
1677 2074 1765 2102 supra
1780 2065 1905 2095 laudatis
1919 2067 1950 2095 in
1966 2070 2066 2106 priore
2082 2082 2175 2110 quae-

1180 2104 1276 2131 stione
1292 2104 1328 2132 de
1343 2104 1401 2133 situ
1415 2105 1626 2143 Heroopoleos
1639 2105 1810 2134 definiendo
1825 2110 1980 2137 consentio
1991 2132 1997 2144 ,
2028 2112 2068 2141 ita
2082 2114 2119 2142 ab
2136 2115 2173 2144 iis

1179 2145 1316 2184 discrepo
1346 2147 1377 2174 in
1405 2147 1516 2183 altera,
1556 2157 1614 2185 qna
1639 2144 1767 2176 Ramsen
1793 2153 1823 2176 et
1842 2150 2024 2190 Heroopolin
2047 2156 2173 2186 eandem

1179 2187 1285 2216 urbem
1308 2187 1400 2216 fuisse
1422 2193 1550 2226 ponunt.
1595 2189 1673 2218 Nam
1699 2198 1727 2217 1.
1745 2190 1828 2218 Iocus
1849 2192 2022 2230 interpretis
2037 2196 2173 2227 Alexan-

1179 2228 1258 2258 drini
1281 2229 1360 2258 Gen.
1379 2230 1496 2265 XLVI,
1515 2231 1554 2259 28
1567 2252 1574 2266 ‚
1607 2231 1655 2259 cui
1677 2230 1741 2259 fere
1766 2232 1825 2260 soli
1845 2232 1918 2262 haec
1931 2236 2036 2273 opinio
2052 2239 2171 2277 nititur,

1179 2280 1241 2300 non
1257 2271 1347 2307 dicit,
1372 2272 1453 2311 quod
1469 2282 1507 2300 ex
1523 2282 1559 2300 eo
1575 2272 1723 2300 efficiunt.
1769 2274 1828 2302 Pro
1842 2275 1984 2305 Hebraeo
2000 2283 2056 2318 ἴω)
2073 2286 2171 2315 '³an

1179 2312 1210 2340 in
1241 2312 1365 2342 Graecis
1396 2319 1441 2342 est
1470 2311 1548 2343 καθ’
1579 2310 1709 2352 Ἡρώων
1732 2311 1817 2344 πόλιν
1838 2314 1880 2351 εἷς
1897 2319 1952 2356 γῆν
1972 2316 2122 2361 Ῥαμεσσῆ
2141 2329 2171 2353 et

119 2486 124 2490 ”
146 2485 150 2490 ⁴
181 2485 186 2490 ι
221 2451 348 2482 ¹)Anar1's
360 2451 424 2474 onim
441 2455 507 2475 teste
516 2451 669 2477 Manethone
679 2453 744 2492 apud
758 2452 846 2477 Jos.c.
857 2453 948 2485 Apion.
958 2455 981 2482 1,
993 2452 1026 2477 26
1036 2453 1060 2476 in
1071 2456 1161 2493 'vetere
1170 2453 1349 2486 Aegyptiorum
1361 2454 1490 2494 theqlogia
1502 2455 1630 2487 Typhonia
1642 2455 1769 2487 appellata
1779 2460 1828 2487 est,
1844 2457 2010 2489 probabiliter
2024 2460 2167 2495 a'I'yphons

119 2486 152 2509 ihi
180 2485 331 2509 interfecto:
366 2485 430 2509 hunc
457 2489 541 2510 autem
568 2487 706 2519 Heroopoh
733 2487 894 2511 intersectum
923 2494 981 2511 esse
1012 2487 1089 2510 tradit
1109 2488 1196 2519 sseph.
1217 2488 1280 2520 Byz.
1306 2495 1331 2512 v.
1351 2486 1432 2520 Ἡρω.
1468 2489 1540 2512 Adde
1560 2493 1660 2522 etymon
1681 2490 1775 2514 Avaris
1793 2491 1876 2522 oppidi
1896 2499 1927 2516 ex
1947 2498 2048 2527 aegypt.
2068 2507 2167 2536 ατὰρ,

118 2528 273 2558 maledictio,
300 2526 366 2558 quod
388 2527 532 2559 Typhoniae
548 2528 604 2552 urbi
625 2529 716 2561 optime
733 2529 868 2560 convenit,
894 2537 919 2553 v.
941 2528 1082 2561 Chanipoll.
1103 2527 1220 2562 l‘Egyptc
1242 2529 1276 2561 11,
1295 2531 1329 2555 87
1350 2538 1404 2562 sqq.

220 2573 248 2604 ¹²)
272 2592 290 2605 ,‚
303 2574 321 2598 ll
345 2573 410 2597 n'est
428 2581 473 2606 pas
491 2575 571 2600 moins
591 2576 646 2600 ιιι-ιιι
665 2577 825 2609 cependant,
851 2585 899 2609 que
919 2580 986 2601 cette
1005 2577 1065 2601 ville
1086 2577 1136 2607 sut,
1160 2575 1174 2600 ῑι
1193 2584 1242 2600 une
1261 2575 1357 2609 ‹Spoque
1376 2581 1556 2602 extremement
1575 2578 1697 2602 ancienne
1709 2597 1716 2607 ,
1735 2577 1750 2602 ὲ
1768 2577 1821 2604 ἰνὸς
1842 2588 1890 2612 peu
1909 2580 1939 2605 do
1959 2582 2074 2609 distance
2093 2585 2123 2610 de
2141 2587 2164 2610 tn

119 2615 171 2632 mer
196 2607 301 2638 noum,
335 2616 380 2632 car
403 2608 440 2632 tes
467 2609 560 2633 mar-ais
586 2610 681 2642 salins,
715 2619 811 2636 cunnus
840 2619 900 2636 suus
928 2611 951 2635 le
980 2619 1035 2635 nom
1061 2611 1090 2635 de
1118 2611 1171 2635 taes
1195 2618 1292 2642 amors,
1326 2612 1367 2643 qui
1389 2615 1447 2635 sont
1466 2612 1528 2636 dans
1546 2620 1592 2635 soa
1611 2613 1760 2643 vnisinugo,
1787 2615 2099 2643 nntiueontestabtoment
2118 2620 2164 2644 fait

120 2642 243 2666 autrefois
265 2642 346 2674 partie
364 2642 395 2666 du
415 2642 484 2672 golfe
501 2643 643 2675 Arnbique.
682 2644 716 2669 lls
735 2649 794 2669 nont
811 2653 841 2670 en
861 2645 919 2669 cffet
939 2645 994 2676 plns
1014 2645 1059 2669 bns
1079 2652 1126 2676 que
1144 2645 1167 2669 le
1187 2645 1278 2668 niveau
1298 2645 1328 2668 de
1348 2653 1377 2669 ce
1396 2644 1474 2670 infime
1492 2646 1593 2677 gotse.“
1630 2646 1802 2678 Chmnpdlio·
1823 2647 1839 2672 l.
1858 2655 1883 2674 e.
1901 2657 1924 2681 p.
1945 2651 1987 2676 89.

1283 2680 1404 2708 Dddd
1434 2679 1542 2709 dddd
1568 2690 1584 2709 2
