2423 3011
1183 343 1228 372 lv

337 436 503 469 Habemus
527 433 628 474 igitur
649 443 730 475 opus
754 435 859 464 morte
875 430 1008 475 quidem
1024 429 1167 463 auctoris
1185 429 1234 461 sui
1252 428 1482 473 interruptum,
1507 438 1606 472 quum
1623 430 1861 472 propemodum
1881 432 1921 464 ad
1938 434 2034 466 finem
2052 432 2247 476 perductum

167 499 272 537 esset,
296 494 441 528 eiusdem
466 497 573 524 tamen
598 491 740 523 auctoris
765 491 871 532 curis,
896 494 932 523 ut
955 491 1062 530 aiunt,
1086 488 1327 533 posterioribus
1351 490 1480 520 auctum
1502 492 1535 520 et
1556 487 1776 530 emendatum,
1803 490 1894 522 varia
1917 490 2065 525 doctrina
2086 492 2247 525 refertum

166 559 200 587 et
219 553 380 587 Thesauri
405 551 532 583 nomine
554 551 651 593 plane
678 550 833 591 dignum:
857 550 890 582 in
914 561 977 593 quo
1000 549 1028 581 si
1052 560 1115 581 non
1139 548 1247 580 onmia
1269 547 1374 580 instar
1396 547 1467 579 auri
1491 551 1578 589 sunt,
1602 551 1711 580 tamen
1734 547 1845 580 insunt
1870 548 1991 590 ingenii
2014 550 2127 594 copiae
2150 554 2248 594 atque

165 613 316 646 acerrimi
347 610 447 642 studii
476 609 656 652 specimina
686 610 806 650 multa,
838 620 947 641 rerum
981 608 1122 651 denique
1155 607 1195 639 ad
1219 608 1254 639 S.
1278 609 1313 639 S.
1337 606 1646 649 interpretationem
1669 606 1798 639 utilium
1820 607 1932 649 largus
1956 612 2154 652 apparatus,
2184 620 2247 652 quo

165 683 227 704 non
251 671 319 702 sine
342 670 451 700 fructu
474 672 580 699 utare.

334 730 409 759 Mea
433 726 671 769 qualiacunque
692 729 780 767 sunt,
804 737 904 769 parca
928 737 1022 758 manu
1047 725 1182 766 contuli,
1207 735 1313 768 neque
1338 724 1443 756 omnia
1466 724 1561 766 tetigi
1585 735 1669 767 quae
1687 724 1792 756 minus
1816 725 2002 768 placerent,
2027 724 2084 756 sed
2108 727 2246 763 tantum,

164 793 198 820 ut
228 786 358 819 serebat
386 785 534 826 occasio,
572 785 682 828 aliqua
721 789 811 817 certe
841 787 979 817 Gsssnxu
1017 784 1241 817 notationibus
1274 783 1378 816 adieci
1408 783 1460 815 vel
1489 783 1684 827 interposui.
1745 783 1843 827 Quod
1877 783 1976 816 nolim
2010 783 2057 815 ita
2087 782 2250 826 accipiant

162 848 273 877 harum
297 856 406 877 rerum
429 844 559 886 arbitri,
583 849 620 876 ut
642 856 693 876 me
717 843 854 876 credant
876 845 1019 888 probare
1039 844 1158 885 omnia,
1184 854 1267 887 quae
1291 843 1412 874 intacta
1434 842 1567 885 reliqui.
1599 842 1707 884 Magis
1724 842 1809 874 enim
1825 853 1864 874 ex
1881 853 1985 885 aequo
2004 841 2154 884 bonoque
2177 842 2246 881 fiet,

163 905 190 935 si
209 916 258 936 me
276 903 465 936 existiment
481 916 519 936 ex
538 904 580 935 iis
597 915 680 946 quae
696 903 868 947 proposui,
893 914 990 946 quam
1007 903 1035 935 si
1052 902 1092 935 de
1110 901 1271 935 eiusmodi
1288 901 1386 934 rebus
1403 911 1527 933 meeum
1544 902 1765 944 expostulent,
1789 912 1873 944 quae
1893 900 1992 932 malui
2015 910 2098 932 nunc
2125 903 2246 931 tacere.

161 966 209 995 Ac
234 974 274 995 ne
297 965 429 1006 apertos
453 961 586 1004 quidem
610 973 740 994 errores
763 962 892 994 correxi
916 973 1046 1003 omnes,
1077 965 1193 1006 utpote
1217 961 1273 1004 qui
1297 971 1394 1004 saepe
1419 962 1494 991 sunt
1518 963 1583 991 tam
1606 961 1694 993 leves
1713 964 1821 992 tamve
1845 960 2031 999 manifesti,
2063 964 2099 990 ut
2122 969 2246 999 eorum,

161 1022 217 1065 qui
241 1022 299 1053 tali
321 1022 406 1052 libro
428 1024 581 1062 utantur,
612 1021 774 1053 neminem
797 1022 945 1062 fugiant,
976 1021 1136 1053 neminem
1165 1019 1365 1064 impediant,
1396 1020 1485 1052 velut
1515 1018 1625 1062 siquid
1656 1019 1689 1050 in
1723 1019 1832 1052 verbis
1862 1019 1974 1051 latinis
2005 1019 2074 1050 sive
2104 1017 2248 1050 auctoris

160 1079 438 1112 inconsiderantia
461 1079 530 1112 sive
555 1091 729 1123 operarum
756 1081 852 1123 culpa
882 1083 1053 1123 peccatum
1077 1083 1139 1112 est.
1195 1079 1373 1122 Praecipue
1403 1081 1511 1110 autem
1543 1089 1650 1110 meum
1679 1088 1751 1110 esse
1782 1077 1986 1119 arbitrabar,
2021 1081 2058 1109 ut
2079 1088 2119 1109 ea
2141 1076 2248 1109 denuo

160 1150 390 1183 percensereni
423 1141 474 1178 et,
505 1138 533 1169 si
563 1149 628 1180 qua
659 1149 741 1181 opus
766 1142 870 1175 esset,
902 1138 1123 1179 corrigerem,
1158 1148 1242 1180 quae
1266 1139 1429 1169 Gssssxms
1453 1148 1471 1169 e
1493 1136 1659 1168 codicibus
1691 1136 1922 1178 manuscriptis
1946 1136 2151 1180 protulerat,
2183 1147 2247 1178 quo

160 1198 328 1242 pertinent
341 1197 403 1228 loci
423 1196 521 1227 sumti
541 1207 580 1228 ex
600 1196 733 1239 scriptis
750 1196 986 1237 Abulwal'idiS,
1013 1195 1114 1228 Iudae
1130 1195 1193 1227 ben
1207 1196 1358 1235 Karisch,
1381 1195 1559 1227 Taneluimi
1574 1194 1879 1240 Hierosolymitaui,
1903 1197 1971 1226 Bar
1985 1195 2065 1235 Alii,
2089 1195 2246 1233 aliorum;

160 1255 260 1299 idque
284 1254 431 1287 studiose
453 1255 530 1296 feei,
554 1255 707 1298 quoniam
731 1256 900 1298 plerisque
925 1255 964 1287 ad
989 1255 1047 1287 hos
1072 1254 1201 1286 codices
1225 1266 1286 1287 non
1308 1258 1403 1298 patet
1422 1253 1543 1286 aditus.
1589 1252 1701 1296 Atque
1718 1252 1833 1285 eadem
1850 1251 1891 1284 de
1910 1263 2007 1284 causa
2025 1263 2123 1295 quum
2142 1264 2181 1284 ex
2196 1253 2247 1284 his

160 1314 328 1347 codicibus
353 1325 452 1355 mss.,
484 1317 553 1345 tum
578 1325 616 1346 ex
640 1314 802 1346 nonnullis
825 1314 920 1346 libris
943 1313 1126 1346 rarioribus
1150 1314 1272 1357 passim
1293 1313 1452 1356 quaedam
1485 1312 1711 1345 additamenta
1734 1311 1859 1344 adieci:
1894 1311 1930 1343 id
1953 1310 2041 1355 quod
2064 1312 2172 1355 palam
2196 1311 2247 1343 hic

160 1374 337 1417 profiteor,
370 1384 409 1404 ne
433 1372 652 1414 negligentiae
675 1372 858 1413 insimulor,
881 1373 909 1404 si
932 1373 1027 1404 libris
1053 1373 1126 1404 aliis
1150 1372 1343 1416 quibusdam
1369 1372 1501 1416 optimis
1524 1372 1611 1403 iusto
1634 1371 1741 1404 rarius
1764 1370 1814 1403 uti
1835 1369 1962 1403 videar.

333 1430 432 1475 Quod
456 1433 621 1463 GESENIUS
645 1431 862 1474 promiserat,
894 1442 993 1474 quum
1016 1432 1097 1463 tomi
1130 1431 1229 1474 primi
1254 1431 1443 1464 fasciculum
1474 1432 1614 1463 alterum
1642 1431 1829 1471 emitteret,
1863 1440 1898 1462 se
1926 1429 2146 1462 subsidiorum
2172 1431 2247 1463 huic

162 1492 255 1535 operi
279 1490 499 1523 adhibitorum
522 1489 663 1521 indicem
687 1501 759 1522 esse
783 1489 956 1530 daturum,
988 1489 1023 1521 id
1052 1489 1223 1521 consilium
1254 1493 1368 1533 postea
1395 1489 1527 1522 videtur
1558 1489 1730 1521 abiecisse.
1777 1490 1876 1520 Certe
1897 1488 1977 1521 nihil
2000 1488 2177 1530 eiusmodi,
2209 1500 2246 1521 ac

162 1562 202 1582 ne
225 1550 410 1582 inchoatum
434 1548 580 1592 quidem,
605 1548 645 1579 ab
666 1559 704 1580 eo
727 1549 877 1581 relietum
896 1548 1066 1589 habemus,
1094 1551 1229 1592 praeter
1243 1560 1345 1592 pauca
1362 1547 1402 1580 de
1418 1548 1513 1580 libris
1535 1547 1768 1590 manuscriptis
1784 1551 1906 1585 notata,
1934 1559 1965 1581 v.
1984 1559 2012 1581 c.
2032 1547 2073 1580 de
2089 1549 2246 1593 operibus

162 1609 393 1649 Abulvvalidis,
417 1607 613 1647 Tancluimi,
637 1609 704 1638 Bar
722 1607 821 1648 ‘Alii,
847 1611 914 1640 Bar
935 1607 1075 1639 Bahliili.
1122 1606 1188 1638 Sed
1212 1608 1292 1640 haec
1314 1607 1433 1651 partim
1457 1618 1475 1638 a
1499 1608 1645 1639 Ghsmo
1668 1606 1741 1649 ipso
1766 1606 1844 1637 alibi
1869 1611 1902 1638 et
1923 1607 2087 1650 separatis
2108 1607 2243 1663 libellis,

162 1668 304 1702 velutin
327 1666 533 1711 praefatione
555 1665 652 1697 lexici
675 1666 810 1698 hebraei
833 1671 866 1699 et
887 1666 921 1698 in
945 1666 1031 1698 binis
1055 1665 1381 1698 commentationibus
1400 1665 1440 1698 de
1464 1667 1532 1697 Bar
1554 1666 1630 1698 Alio
1653 1668 1686 1697 et
1711 1665 1848 1696 Bahliilo
1876 1664 1994 1705 editis,
2026 1665 2147 1708 partim
2170 1670 2247 1709 post

163 1727 232 1758 eius
263 1727 387 1759 obitum
419 1725 459 1757 ab
491 1724 563 1756 aliis
594 1720 673 1757 viris
704 1724 809 1757 doctis
841 1725 954 1757 dedita
986 1735 1087 1768 opera
1125 1723 1292 1767 descripta
1327 1725 1377 1757 vel
1407 1735 1544 1757 excussa
1574 1726 1661 1757 sunt.
1724 1723 1869 1756 Tametsi
1898 1723 2001 1764 igitur
2028 1723 2108 1756 haec
2138 1725 2247 1757 omitti

162 1796 294 1817 necesse
320 1785 402 1825 suit,
431 1788 540 1816 tamen
563 1783 698 1827 pietatis
722 1784 831 1816 officio
853 1785 912 1817 hac
937 1783 969 1815 in
994 1795 1031 1816 re
1055 1795 1119 1816 non
1143 1782 1329 1816 videbimur
1352 1782 1507 1815 defuisse.

332 1844 458 1875 Dabam
482 1843 574 1875 Halis
599 1844 763 1874 Saxonum
788 1855 832 1875 m.
859 1843 1030 1876 Decembr.
1055 1854 1086 1875 a.
1109 1843 1370 1875 MDCCGLVII.

1729 1935 1821 1975 Acin.
1848 1933 2029 1985 Rocdiger.
